<?xml version="1.0" encoding="UTF-8"?>
<!DOCTYPE html PUBLIC "-//W3C//DTD XHTML 1.0 Transitional//EN"
    "http://www.w3.org/TR/xhtml1/DTD/xhtml1-transitional.dtd">
<html xmlns="http://www.w3.org/1999/xhtml" xml:lang="en" lang="en">
 <head>
  <title>
</title>
<meta http-equiv="Content-Type" content="text/html;charset=utf-8" />
  <meta name='ocr-system' content='tesseract 3.04.00' />
  <meta name='ocr-capabilities' content='ocr_page ocr_carea ocr_par ocr_line ocrx_word'/>
</head>
<body>
  <div class='ocr_page' id='page_1' title='image "./tmacciplauticom01leogoog_0114.png"; bbox 0 0 2544 4364; ppageno 0'>
   <div class='ocr_carea' id='block_1_1' title="bbox 98 187 1169 255">
    <p class='ocr_par' dir='ltr' id='par_1_1' title="bbox 98 187 1169 255">
     <span class='ocr_line' id='line_1_1' title="bbox 98 187 1169 255; baseline -0.003 -8"><span class='ocrx_word' id='word_1_1' title='bbox 98 203 149 254; x_wconf 78' lang='lat'><strong>11¹.</strong></span> <span class='ocrx_word' id='word_1_2' title='bbox 158 203 251 255; x_wconf 72' lang='lat' dir='ltr'><strong>ai-aa</strong></span> <span class='ocrx_word' id='word_1_3' title='bbox 547 187 731 244; x_wconf 75' lang='lat' dir='ltr'><strong>AVLVLAMA</strong></span> <span class='ocrx_word' id='word_1_4' title='bbox 1129 193 1169 254; x_wconf 85' lang='lat'><strong>99</strong></span> 
     </span>
    </p>
   </div>
   <div class='ocr_carea' id='block_1_2' title="bbox 96 358 1171 2320">
    <p class='ocr_par' dir='ltr' id='par_1_2' title="bbox 165 358 1171 533">
     <span class='ocr_line' id='line_1_2' title="bbox 165 358 988 441; baseline 0.006 -19"><span class='ocrx_word' id='word_1_5' title='bbox 165 361 216 422; x_wconf 90' lang='lat' dir='ltr'><strong>sed</strong></span> <span class='ocrx_word' id='word_1_6' title='bbox 232 365 276 423; x_wconf 81' lang='lat' dir='ltr'><strong>est</strong></span> <span class='ocrx_word' id='word_1_7' title='bbox 290 361 432 441; x_wconf 82' lang='lat' dir='ltr'><strong>grandior</strong></span> <span class='ocrx_word' id='word_1_8' title='bbox 446 369 532 423; x_wconf 88' lang='lat' dir='ltr'><strong>natu:</strong></span> <span class='ocrx_word' id='word_1_9' title='bbox 548 360 670 425; x_wconf 78' lang='lat' dir='ltr'><strong>mediast</strong></span> <span class='ocrx_word' id='word_1_10' title='bbox 754 358 886 427; x_wconf 82' lang='lat' dir='ltr'><strong>multatis</strong></span> <span class='ocrx_word' id='word_1_11' title='bbox 900 372 988 427; x_wconf 87' lang='lat' dir='ltr'><strong>aetas.</strong></span> 
     </span>
     <span class='ocr_line' id='line_1_3' title="bbox 165 446 1171 533; baseline 0.005 -25"><span class='ocrx_word' id='word_1_12' title='bbox 165 465 230 508; x_wconf 90' lang='lat' dir='ltr'><strong>eam</strong></span> <span class='ocrx_word' id='word_1_13' title='bbox 245 451 270 508; x_wconf 88' lang='lat' dir='ltr'><strong>st</strong></span> <span class='ocrx_word' id='word_1_14' title='bbox 285 446 378 519; x_wconf 84' lang='lat' dir='ltr'><strong>iubes,</strong></span> <span class='ocrx_word' id='word_1_15' title='bbox 393 448 495 519; x_wconf 80' lang='lat' dir='ltr'><strong>frater,</strong></span> <span class='ocrx_word' id='word_1_16' title='bbox 510 447 563 508; x_wconf 89' lang='lat' dir='ltr'><strong>tibi</strong></span> <span class='ocrx_word' id='word_1_17' title='bbox 648 466 696 510; x_wconf 91' lang='lat' dir='ltr'><strong>me</strong></span> <span class='ocrx_word' id='word_1_18' title='bbox 710 454 843 528; x_wconf 82' lang='lat' dir='ltr'><strong>poscere,</strong></span> <span class='ocrx_word' id='word_1_19' title='bbox 859 469 989 533; x_wconf 83' lang='lat' dir='ltr'><strong>ppscam.</strong></span> <span class='ocrx_word' id='word_1_20' title='bbox 1129 462 1171 514; x_wconf 81' lang='lat' dir='ltr'><strong>teo</strong></span> 
     </span>
    </p>

    <p class='ocr_par' dir='ltr' id='par_1_3' title="bbox 101 532 1170 697">
     <span class='ocr_line' id='line_1_4' title="bbox 101 532 1170 616; baseline 0.007 -24"><span class='ocrx_word' id='word_1_21' title='bbox 101 532 177 593; x_wconf 84' lang='lat' dir='ltr'><strong>Mna.</strong></span> <span class='ocrx_word' id='word_1_22' title='bbox 206 532 284 593; x_wconf 85' lang='lat' dir='ltr'><strong>Num</strong></span> <span class='ocrx_word' id='word_1_23' title='bbox 305 533 387 593; x_wconf 86' lang='lat' dir='ltr'><strong>nevis</strong></span> <span class='ocrx_word' id='word_1_24' title='bbox 403 552 451 593; x_wconf 91' lang='lat' dir='ltr'><strong>me</strong></span> <span class='ocrx_word' id='word_1_25' title='bbox 473 533 655 612; x_wconf 81' lang='lat' dir='ltr'><strong>interrogare</strong></span> <span class='ocrx_word' id='word_1_26' title='bbox 677 532 729 595; x_wconf 77' lang='lat' dir='ltr'><strong>te?</strong></span> <span class='ocrx_word' id='word_1_27' title='bbox 773 535 843 597; x_wconf 84' lang='lat' dir='ltr'><strong>Evu.</strong></span> <span class='ocrx_word' id='word_1_28' title='bbox 873 536 976 611; x_wconf 81' lang='lat' dir='ltr'><strong>Immo,</strong></span> <span class='ocrx_word' id='word_1_29' title='bbox 992 536 1017 598; x_wconf 94' lang='lat' dir='ltr'><strong>si</strong></span> <span class='ocrx_word' id='word_1_30' title='bbox 1033 536 1104 616; x_wconf 90' lang='lat' dir='ltr'><strong>quid</strong></span> <span class='ocrx_word' id='word_1_31' title='bbox 1118 542 1170 613; x_wconf 86' lang='lat' dir='ltr'><strong>vis,</strong></span> 
     </span>
     <span class='ocr_line' id='line_1_5' title="bbox 455 635 537 697; baseline 0.012 -20"><span class='ocrx_word' id='word_1_32' title='bbox 455 635 537 697; x_wconf 82' lang='lat' dir='ltr'><strong>roga.</strong></span> 
     </span>
    </p>

    <p class='ocr_par' dir='ltr' id='par_1_4' title="bbox 101 701 1113 782">
     <span class='ocr_line' id='line_1_6' title="bbox 101 701 1113 782; baseline 0.006 -19"><span class='ocrx_word' id='word_1_33' title='bbox 101 701 177 763; x_wconf 83' lang='lat' dir='ltr'><strong>Mne.</strong></span> <span class='ocrx_word' id='word_1_34' title='bbox 207 701 277 764; x_wconf 86' lang='lat' dir='ltr'><strong>Post</strong></span> <span class='ocrx_word' id='word_1_35' title='bbox 291 702 416 763; x_wconf 88' lang='lat' dir='ltr'><strong>mediam</strong></span> <span class='ocrx_word' id='word_1_36' title='bbox 433 710 555 764; x_wconf 89' lang='lat' dir='ltr'><strong>aetatem</strong></span> <span class='ocrx_word' id='word_1_37' title='bbox 573 702 623 782; x_wconf 88' lang='lat' dir='ltr'><strong>qui</strong></span> <span class='ocrx_word' id='word_1_38' title='bbox 639 703 734 765; x_wconf 86' lang='lat' dir='ltr'><strong>media</strong></span> <span class='ocrx_word' id='word_1_39' title='bbox 749 705 830 767; x_wconf 87' lang='lat' dir='ltr'><strong>ducit</strong></span> <span class='ocrx_word' id='word_1_40' title='bbox 843 723 967 768; x_wconf 84' lang='lat' dir='ltr'><strong>uxorem</strong></span> <span class='ocrx_word' id='word_1_41' title='bbox 983 706 1113 781; x_wconf 88' lang='lat' dir='ltr'><strong>domum,</strong></span> 
     </span>
    </p>

    <p class='ocr_par' dir='ltr' id='par_1_5' title="bbox 100 788 913 867">
     <span class='ocr_line' id='line_1_7' title="bbox 100 788 913 867; baseline 0.002 -18"><span class='ocrx_word' id='word_1_42' title='bbox 100 788 126 850; x_wconf 91' lang='lat' dir='ltr'><strong>si</strong></span> <span class='ocrx_word' id='word_1_43' title='bbox 141 806 205 848; x_wconf 92' lang='lat' dir='ltr'><strong>eam</strong></span> <span class='ocrx_word' id='word_1_44' title='bbox 221 806 312 848; x_wconf 83' lang='lat' dir='ltr'><strong>senex</strong></span> <span class='ocrx_word' id='word_1_45' title='bbox 327 807 417 849; x_wconf 91' lang='lat' dir='ltr'><strong>anum</strong></span> <span class='ocrx_word' id='word_1_46' title='bbox 433 799 646 867; x_wconf 80' lang='lat' dir='ltr'><strong>praegnantem</strong></span> <span class='ocrx_word' id='word_1_47' title='bbox 662 790 784 851; x_wconf 86' lang='lat' dir='ltr'><strong>fortuito</strong></span> <span class='ocrx_word' id='word_1_48' title='bbox 800 791 913 863; x_wconf 84' lang='lat' dir='ltr'><strong>fecerit,</strong></span> 
     </span>
    </p>

    <p class='ocr_par' dir='ltr' id='par_1_6' title="bbox 101 872 1029 955">
     <span class='ocr_line' id='line_1_8' title="bbox 101 872 1029 955; baseline 0.003 -20"><span class='ocrx_word' id='word_1_49' title='bbox 101 872 170 953; x_wconf 88' lang='lat' dir='ltr'><strong>quid</strong></span> <span class='ocrx_word' id='word_1_50' title='bbox 187 873 310 947; x_wconf 83' lang='lat' dir='ltr'><strong>dubitas,</strong></span> <span class='ocrx_word' id='word_1_51' title='bbox 326 873 398 953; x_wconf 93' lang='lat' dir='ltr'><strong>quin</strong></span> <span class='ocrx_word' id='word_1_52' title='bbox 413 874 451 935; x_wconf 87' lang='lat' dir='ltr'><strong>sit</strong></span> <span class='ocrx_word' id='word_1_53' title='bbox 466 882 600 953; x_wconf 89' lang='lat' dir='ltr'><strong>paratum</strong></span> <span class='ocrx_word' id='word_1_54' title='bbox 616 893 725 936; x_wconf 90' lang='lat' dir='ltr'><strong>nomen</strong></span> <span class='ocrx_word' id='word_1_55' title='bbox 741 894 834 955; x_wconf 90' lang='lat' dir='ltr'><strong>puero</strong></span> <span class='ocrx_word' id='word_1_56' title='bbox 850 874 1029 938; x_wconf 77' lang='lat' dir='ltr'><strong>Postumus?</strong></span> 
     </span>
    </p>

    <p class='ocr_par' dir='ltr' id='par_1_7' title="bbox 101 959 1170 1035">
     <span class='ocr_line' id='line_1_9' title="bbox 101 959 1170 1035; baseline 0.002 -15"><span class='ocrx_word' id='word_1_57' title='bbox 101 964 183 1020; x_wconf 83' lang='lat' dir='ltr'><strong>nunc</strong></span> <span class='ocrx_word' id='word_1_58' title='bbox 199 976 253 1035; x_wconf 83' lang='lat' dir='ltr'><strong>ego</strong></span> <span class='ocrx_word' id='word_1_59' title='bbox 269 959 367 1031; x_wconf 82' lang='lat' dir='ltr'><strong>istum,</strong></span> <span class='ocrx_word' id='word_1_60' title='bbox 383 966 479 1030; x_wconf 84' lang='lat' dir='ltr'><strong>soror,</strong></span> <span class='ocrx_word' id='word_1_61' title='bbox 495 959 625 1020; x_wconf 92' lang='lat' dir='ltr'><strong>laborem</strong></span> <span class='ocrx_word' id='word_1_62' title='bbox 641 961 756 1021; x_wconf 91' lang='lat' dir='ltr'><strong>demam</strong></span> <span class='ocrx_word' id='word_1_63' title='bbox 772 969 801 1022; x_wconf 93' lang='lat' dir='ltr'><strong>et</strong></span> <span class='ocrx_word' id='word_1_64' title='bbox 815 962 984 1023; x_wconf 81' lang='lat' dir='ltr'>deminuam</span> <span class='ocrx_word' id='word_1_65' title='bbox 1000 961 1061 1023; x_wconf 91' lang='lat' dir='ltr'><strong>tibi.</strong></span> <span class='ocrx_word' id='word_1_66' title='bbox 1127 972 1170 1022; x_wconf 79' lang='grc'><strong>166</strong></span> 
     </span>
    </p>

    <p class='ocr_par' dir='ltr' id='par_1_8' title="bbox 100 1044 1002 1123">
     <span class='ocr_line' id='line_1_10' title="bbox 100 1044 1002 1123; baseline 0.004 -18"><span class='ocrx_word' id='word_1_67' title='bbox 100 1061 155 1123; x_wconf 82' lang='lat' dir='ltr'><strong>ego</strong></span> <span class='ocrx_word' id='word_1_68' title='bbox 170 1044 278 1106; x_wconf 85' lang='lat' dir='ltr'><strong>virtute</strong></span> <span class='ocrx_word' id='word_1_69' title='bbox 293 1045 381 1105; x_wconf 90' lang='lat' dir='ltr'><strong>deum</strong></span> <span class='ocrx_word' id='word_1_70' title='bbox 396 1053 426 1105; x_wconf 89' lang='lat' dir='ltr'><strong>et</strong></span> <span class='ocrx_word' id='word_1_71' title='bbox 439 1045 583 1105; x_wconf 92' lang='lat' dir='ltr'><strong>maiorum</strong></span> <span class='ocrx_word' id='word_1_72' title='bbox 599 1056 734 1106; x_wconf 89' lang='lat' dir='ltr'><strong>nostrum</strong></span> <span class='ocrx_word' id='word_1_73' title='bbox 750 1046 830 1109; x_wconf 83' lang='lat' dir='ltr'><strong>dives</strong></span> <span class='ocrx_word' id='word_1_74' title='bbox 845 1065 910 1108; x_wconf 90' lang='lat' dir='ltr'><strong>sum</strong></span> <span class='ocrx_word' id='word_1_75' title='bbox 925 1047 1002 1109; x_wconf 87' lang='lat' dir='ltr'><strong>satis.</strong></span> 
     </span>
    </p>

    <p class='ocr_par' dir='ltr' id='par_1_9' title="bbox 99 1128 862 1211">
     <span class='ocr_line' id='line_1_11' title="bbox 99 1128 862 1211; baseline 0.004 -21"><span class='ocrx_word' id='word_1_76' title='bbox 99 1128 171 1191; x_wconf 84' lang='lat' dir='ltr'><strong>istas</strong></span> <span class='ocrx_word' id='word_1_77' title='bbox 185 1147 307 1208; x_wconf 83' lang='lat' dir='ltr'><strong>magnas</strong></span> <span class='ocrx_word' id='word_1_78' title='bbox 321 1130 473 1204; x_wconf 79' lang='lat' dir='ltr'><strong>sactiones,</strong></span> <span class='ocrx_word' id='word_1_79' title='bbox 489 1130 613 1202; x_wconf 82' lang='lat' dir='ltr'><strong>animos,</strong></span> <span class='ocrx_word' id='word_1_80' title='bbox 629 1130 713 1192; x_wconf 91' lang='lat' dir='ltr'><strong>dotes</strong></span> <span class='ocrx_word' id='word_1_81' title='bbox 728 1132 862 1211; x_wconf 80' lang='lat' dir='ltr'>dapsiles,</span> 
     </span>
    </p>

    <p class='ocr_par' dir='ltr' id='par_1_10' title="bbox 99 1214 974 1297">
     <span class='ocr_line' id='line_1_12' title="bbox 99 1214 974 1297; baseline 0.002 -21"><span class='ocrx_word' id='word_1_82' title='bbox 99 1214 253 1288; x_wconf 80' lang='lat' dir='ltr'><strong>clamores,</strong></span> <span class='ocrx_word' id='word_1_83' title='bbox 269 1215 400 1294; x_wconf 76' lang='lat' dir='ltr'><strong>imperia,</strong></span> <span class='ocrx_word' id='word_1_84' title='bbox 417 1215 539 1275; x_wconf 80' lang='lat' dir='ltr'><strong>eburata</strong></span> <span class='ocrx_word' id='word_1_85' title='bbox 554 1216 672 1290; x_wconf 76' lang='lat' dir='ltr'><strong>vehicla,</strong></span> <span class='ocrx_word' id='word_1_86' title='bbox 689 1217 787 1295; x_wconf 81' lang='lat' dir='ltr'><strong>pallas,</strong></span> <span class='ocrx_word' id='word_1_87' title='bbox 803 1222 974 1297; x_wconf 84' lang='lat' dir='ltr'><strong>purpuram,</strong></span> 
     </span>
    </p>

    <p class='ocr_par' dir='ltr' id='par_1_11' title="bbox 100 1300 1016 1380">
     <span class='ocr_line' id='line_1_13' title="bbox 100 1300 1016 1380; baseline 0.002 -20"><span class='ocrx_word' id='word_1_88' title='bbox 100 1300 143 1361; x_wconf 92' lang='lat' dir='ltr'><strong>nil</strong></span> <span class='ocrx_word' id='word_1_89' title='bbox 156 1318 259 1360; x_wconf 90' lang='lat' dir='ltr'><strong>moror</strong></span> <span class='ocrx_word' id='word_1_90' title='bbox 274 1318 349 1377; x_wconf 88' lang='lat' dir='ltr'><strong>quae</strong></span> <span class='ocrx_word' id='word_1_91' title='bbox 364 1301 395 1360; x_wconf 93' lang='lat' dir='ltr'><strong>in</strong></span> <span class='ocrx_word' id='word_1_92' title='bbox 410 1301 580 1361; x_wconf 88' lang='lat' dir='ltr'><strong>servitutem</strong></span> <span class='ocrx_word' id='word_1_93' title='bbox 596 1301 762 1380; x_wconf 84' lang='lat' dir='ltr'><strong>sumptibus</strong></span> <span class='ocrx_word' id='word_1_94' title='bbox 776 1302 916 1380; x_wconf 83' lang='lat' dir='ltr'><strong>redigunt</strong></span> <span class='ocrx_word' id='word_1_95' title='bbox 931 1303 1016 1363; x_wconf 89' lang='lat' dir='ltr'><strong>viros.</strong></span> 
     </span>
    </p>

    <p class='ocr_par' dir='ltr' id='par_1_12' title="bbox 99 1384 1171 1549">
     <span class='ocr_line' id='line_1_14' title="bbox 99 1384 1169 1465; baseline 0.002 -19"><span class='ocrx_word' id='word_1_96' title='bbox 99 1384 171 1446; x_wconf 86' lang='lat' dir='ltr'><strong>Evn.</strong></span> <span class='ocrx_word' id='word_1_97' title='bbox 193 1384 246 1447; x_wconf 88' lang='lat' dir='ltr'><strong>Dio</strong></span> <span class='ocrx_word' id='word_1_98' title='bbox 257 1385 337 1461; x_wconf 90' lang='lat' dir='ltr'><strong>mibi,</strong></span> <span class='ocrx_word' id='word_1_99' title='bbox 350 1403 469 1464; x_wconf 80' lang='lat' dir='ltr'><strong>quaeso,</strong></span> <span class='ocrx_word' id='word_1_100' title='bbox 482 1385 548 1464; x_wconf 92' lang='lat' dir='ltr'><strong>quis</strong></span> <span class='ocrx_word' id='word_1_101' title='bbox 561 1394 630 1461; x_wconf 85' lang='lat' dir='ltr'><strong>east,</strong></span> <span class='ocrx_word' id='word_1_102' title='bbox 644 1404 732 1465; x_wconf 93' lang='lat' dir='ltr'><strong>quam</strong></span> <span class='ocrx_word' id='word_1_103' title='bbox 742 1387 786 1448; x_wconf 87' lang='lat' dir='ltr'><strong>vis</strong></span> <span class='ocrx_word' id='word_1_104' title='bbox 797 1386 905 1448; x_wconf 89' lang='lat' dir='ltr'><strong>ducere</strong></span> <span class='ocrx_word' id='word_1_105' title='bbox 917 1384 1063 1448; x_wconf 79' lang='lat' dir='ltr'><strong>uxorem?</strong></span> <span class='ocrx_word' id='word_1_106' title='bbox 1093 1387 1169 1449; x_wconf 84' lang='lat' dir='ltr'><strong>Mna.</strong></span> 
     </span>
     <span class='ocr_line' id='line_1_15' title="bbox 454 1471 1171 1549; baseline 0.003 -19"><span class='ocrx_word' id='word_1_107' title='bbox 454 1471 594 1549; x_wconf 83' lang='lat' dir='ltr'><strong>Eloquar.</strong></span> <span class='ocrx_word' id='word_1_108' title='bbox 1128 1481 1171 1533; x_wconf 82' lang='lat' dir='ltr'><strong>lto</strong></span> 
     </span>
    </p>

    <p class='ocr_par' dir='ltr' id='par_1_13' title="bbox 99 1554 1070 1636">
     <span class='ocr_line' id='line_1_16' title="bbox 99 1554 1070 1636; baseline 0 -20"><span class='ocrx_word' id='word_1_109' title='bbox 99 1555 200 1617; x_wconf 86' lang='lat' dir='ltr'><strong>nostin</strong></span> <span class='ocrx_word' id='word_1_110' title='bbox 215 1555 296 1615; x_wconf 88' lang='lat' dir='ltr'><strong>buno</strong></span> <span class='ocrx_word' id='word_1_111' title='bbox 311 1573 413 1616; x_wconf 89' lang='lat' dir='ltr'><strong>senem</strong></span> <span class='ocrx_word' id='word_1_112' title='bbox 429 1555 603 1617; x_wconf 83' lang='lat' dir='ltr'><strong>Euclionem</strong></span> <span class='ocrx_word' id='word_1_113' title='bbox 618 1575 655 1618; x_wconf 84' lang='lat' dir='ltr'><strong>ex</strong></span> <span class='ocrx_word' id='word_1_114' title='bbox 670 1573 818 1635; x_wconf 84' lang='lat' dir='ltr'><strong>proxumo</strong></span> <span class='ocrx_word' id='word_1_115' title='bbox 833 1554 1070 1636; x_wconf 79' lang='lat' dir='ltr'><strong>pauperculum?</strong></span> 
     </span>
    </p>

    <p class='ocr_par' dir='ltr' id='par_1_14' title="bbox 98 1640 1168 1786">
     <span class='ocr_line' id='line_1_17' title="bbox 98 1640 1168 1720; baseline 0 -19"><span class='ocrx_word' id='word_1_116' title='bbox 98 1640 169 1701; x_wconf 88' lang='lat' dir='ltr'><strong>Em.</strong></span> <span class='ocrx_word' id='word_1_117' title='bbox 199 1640 286 1715; x_wconf 87' lang='lat' dir='ltr'><strong>Novi,</strong></span> <span class='ocrx_word' id='word_1_118' title='bbox 302 1640 451 1701; x_wconf 92' lang='lat' dir='ltr'><strong>bominem</strong></span> <span class='ocrx_word' id='word_1_119' title='bbox 466 1641 543 1702; x_wconf 88' lang='lat' dir='ltr'><strong>haud</strong></span> <span class='ocrx_word' id='word_1_120' title='bbox 557 1641 667 1702; x_wconf 88' lang='lat' dir='ltr'><strong>maium</strong></span> <span class='ocrx_word' id='word_1_121' title='bbox 688 1649 842 1703; x_wconf 79' lang='lat' dir='ltr'><strong>mecastor.</strong></span> <span class='ocrx_word' id='word_1_122' title='bbox 887 1642 966 1703; x_wconf 81' lang='lat' dir='ltr'><strong>Mae.</strong></span> <span class='ocrx_word' id='word_1_123' title='bbox 994 1641 1066 1704; x_wconf 89' lang='lat' dir='ltr'><strong>Eius</strong></span> <span class='ocrx_word' id='word_1_124' title='bbox 1081 1641 1168 1720; x_wconf 87' lang='lat' dir='ltr'><strong>cupio</strong></span> 
     </span>
     <span class='ocr_line' id='line_1_18' title="bbox 455 1727 544 1786; baseline 0 0"><span class='ocrx_word' id='word_1_125' title='bbox 455 1727 544 1786; x_wconf 84' lang='lat' dir='ltr'><strong>tiliam</strong></span> 
     </span>
    </p>

    <p class='ocr_par' dir='ltr' id='par_1_15' title="bbox 96 1809 925 1890">
     <span class='ocr_line' id='line_1_19' title="bbox 96 1809 925 1890; baseline 0.002 -20"><span class='ocrx_word' id='word_1_126' title='bbox 96 1809 241 1890; x_wconf 79' lang='lat' dir='ltr'><strong>virginem</strong></span> <span class='ocrx_word' id='word_1_127' title='bbox 257 1810 329 1871; x_wconf 91' lang='lat' dir='ltr'><strong>mibi</strong></span> <span class='ocrx_word' id='word_1_128' title='bbox 344 1811 531 1890; x_wconf 89' lang='lat' dir='ltr'><strong>desponderi.</strong></span> <span class='ocrx_word' id='word_1_129' title='bbox 560 1810 649 1872; x_wconf 88' lang='lat' dir='ltr'><strong>verba</strong></span> <span class='ocrx_word' id='word_1_130' title='bbox 663 1829 703 1872; x_wconf 92' lang='lat' dir='ltr'><strong>ue</strong></span> <span class='ocrx_word' id='word_1_131' title='bbox 717 1811 815 1884; x_wconf 85' lang='lat' dir='ltr'><strong>iacias,</strong></span> <span class='ocrx_word' id='word_1_132' title='bbox 831 1829 925 1872; x_wconf 89' lang='lat' dir='ltr'><strong>soror.</strong></span> 
     </span>
    </p>

    <p class='ocr_par' dir='ltr' id='par_1_16' title="bbox 98 1893 1147 1976">
     <span class='ocr_line' id='line_1_20' title="bbox 98 1893 1147 1976; baseline 0 -19"><span class='ocrx_word' id='word_1_133' title='bbox 98 1894 161 1957; x_wconf 87' lang='lat' dir='ltr'><strong>scio</strong></span> <span class='ocrx_word' id='word_1_134' title='bbox 177 1895 246 1975; x_wconf 88' lang='lat' dir='ltr'><strong>quid</strong></span> <span class='ocrx_word' id='word_1_135' title='bbox 263 1895 376 1957; x_wconf 87' lang='lat' dir='ltr'><strong>dictura</strong></span> <span class='ocrx_word' id='word_1_136' title='bbox 391 1915 438 1957; x_wconf 89' lang='lat' dir='ltr'><strong>es:</strong></span> <span class='ocrx_word' id='word_1_137' title='bbox 454 1893 531 1957; x_wconf 84' lang='lat' dir='ltr'><strong>ban&#39;c</strong></span> <span class='ocrx_word' id='word_1_138' title='bbox 547 1914 610 1957; x_wconf 89' lang='lat' dir='ltr'><strong>essa</strong></span> <span class='ocrx_word' id='word_1_139' title='bbox 626 1915 796 1975; x_wconf 90' lang='lat' dir='ltr'><strong>pauperem.</strong></span> <span class='ocrx_word' id='word_1_140' title='bbox 826 1896 899 1957; x_wconf 88' lang='lat' dir='ltr'><strong>baec</strong></span> <span class='ocrx_word' id='word_1_141' title='bbox 914 1914 1028 1976; x_wconf 88' lang='lat' dir='ltr'><strong>pauper</strong></span> <span class='ocrx_word' id='word_1_142' title='bbox 1042 1896 1147 1976; x_wconf 87' lang='lat' dir='ltr'><strong>placet.</strong></span> 
     </span>
    </p>

    <p class='ocr_par' dir='ltr' id='par_1_17' title="bbox 98 1979 1170 2145">
     <span class='ocr_line' id='line_1_21' title="bbox 98 1979 1170 2060; baseline 0.001 -19"><span class='ocrx_word' id='word_1_143' title='bbox 98 1980 169 2041; x_wconf 80' lang='lat' dir='ltr'><strong>Eun.</strong></span> <span class='ocrx_word' id='word_1_144' title='bbox 199 1979 234 2043; x_wconf 87' lang='lat' dir='ltr'><strong>m</strong></span> <span class='ocrx_word' id='word_1_145' title='bbox 250 1979 326 2042; x_wconf 90' lang='lat' dir='ltr'><strong>bene</strong></span> <span class='ocrx_word' id='word_1_146' title='bbox 336 1990 463 2042; x_wconf 87' lang='lat' dir='ltr'><strong>vortant.</strong></span> <span class='ocrx_word' id='word_1_147' title='bbox 507 1981 583 2043; x_wconf 83' lang='lat' dir='ltr'><strong>Mun.</strong></span> <span class='ocrx_word' id='word_1_148' title='bbox 613 1980 693 2042; x_wconf 89' lang='lat' dir='ltr'><strong>Idem</strong></span> <span class='ocrx_word' id='word_1_149' title='bbox 705 2000 760 2059; x_wconf 81' lang='lat' dir='ltr'><strong>ego</strong></span> <span class='ocrx_word' id='word_1_150' title='bbox 773 2000 870 2060; x_wconf 91' lang='lat' dir='ltr'><strong>spero.</strong></span> <span class='ocrx_word' id='word_1_151' title='bbox 914 1981 984 2042; x_wconf 85' lang='lat' dir='ltr'><strong>Evn.</strong></span> <span class='ocrx_word' id='word_1_152' title='bbox 1011 1979 1170 2053; x_wconf 80' lang='lat' dir='ltr'><strong>Quidme‘i</strong></span> 
     </span>
     <span class='ocr_line' id='line_1_22' title="bbox 456 2065 1169 2145; baseline 0 -18"><span class='ocrx_word' id='word_1_153' title='bbox 456 2066 613 2145; x_wconf 88' lang='lat' dir='ltr'><strong>numquid</strong></span> <span class='ocrx_word' id='word_1_154' title='bbox 630 2065 692 2128; x_wconf 78' lang='lat' dir='ltr'><strong>vis?</strong></span> <span class='ocrx_word' id='word_1_155' title='bbox 736 2066 811 2127; x_wconf 84' lang='lat' dir='ltr'><strong>Mna.</strong></span> <span class='ocrx_word' id='word_1_156' title='bbox 842 2067 919 2127; x_wconf 92' lang='lat' dir='ltr'><strong>Vale.</strong></span> <span class='ocrx_word' id='word_1_157' title='bbox 1125 2077 1169 2128; x_wconf 75' lang='grc'><strong>176</strong></span> 
     </span>
    </p>

    <p class='ocr_par' dir='ltr' id='par_1_18' title="bbox 97 2149 1167 2231">
     <span class='ocr_line' id='line_1_23' title="bbox 97 2149 1167 2231; baseline 0.002 -21"><span class='ocrx_word' id='word_1_158' title='bbox 97 2149 169 2211; x_wconf 83' lang='lat' dir='ltr'><strong>Eun.</strong></span> <span class='ocrx_word' id='word_1_159' title='bbox 199 2149 237 2211; x_wconf 91' lang='lat' dir='ltr'><strong>Et</strong></span> <span class='ocrx_word' id='word_1_160' title='bbox 247 2160 289 2222; x_wconf 82' lang='lat' dir='ltr'><strong>tu,</strong></span> <span class='ocrx_word' id='word_1_161' title='bbox 304 2152 403 2212; x_wconf 87' lang='lat' dir='ltr'><strong>frater.</strong></span> <span class='ocrx_word' id='word_1_162' title='bbox 448 2151 523 2213; x_wconf 83' lang='lat' dir='ltr'><strong>Mne.</strong></span> <span class='ocrx_word' id='word_1_163' title='bbox 551 2152 615 2231; x_wconf 87' lang='lat' dir='ltr'><strong>Ego</strong></span> <span class='ocrx_word' id='word_1_164' title='bbox 628 2152 803 2212; x_wconf 88' lang='lat' dir='ltr'><strong>conveniam</strong></span> <span class='ocrx_word' id='word_1_165' title='bbox 816 2152 998 2224; x_wconf 83' lang='lat' dir='ltr'><strong>Euclionem,</strong></span> <span class='ocrx_word' id='word_1_166' title='bbox 1014 2152 1039 2213; x_wconf 90' lang='lat' dir='ltr'><strong>si</strong></span> <span class='ocrx_word' id='word_1_167' title='bbox 1051 2151 1167 2214; x_wconf 90' lang='lat' dir='ltr'><strong>domist.</strong></span> 
     </span>
    </p>

    <p class='ocr_par' dir='ltr' id='par_1_19' title="bbox 97 2230 1076 2320">
     <span class='ocr_line' id='line_1_24' title="bbox 97 2230 1076 2320; baseline 0.002 -24"><span class='ocrx_word' id='word_1_168' title='bbox 97 2236 150 2296; x_wconf 89' lang='lat' dir='ltr'><strong>sad</strong></span> <span class='ocrx_word' id='word_1_169' title='bbox 166 2252 267 2298; x_wconf 90' lang='lat' dir='ltr'><strong>eccum</strong></span> <span class='ocrx_word' id='word_1_170' title='bbox 284 2230 401 2320; x_wconf 87' lang='lat' dir='ltr'><strong>[video].</strong></span> <span class='ocrx_word' id='word_1_171' title='bbox 432 2237 533 2299; x_wconf 85' lang='lat' dir='ltr'><strong>nescio</strong></span> <span class='ocrx_word' id='word_1_172' title='bbox 550 2236 629 2299; x_wconf 91' lang='lat' dir='ltr'><strong>unde</strong></span> <span class='ocrx_word' id='word_1_173' title='bbox 644 2255 708 2298; x_wconf 85' lang='lat' dir='ltr'><strong>sese</strong></span> <span class='ocrx_word' id='word_1_174' title='bbox 722 2237 812 2298; x_wconf 92' lang='lat' dir='ltr'><strong>bomo</strong></span> <span class='ocrx_word' id='word_1_175' title='bbox 827 2237 933 2316; x_wconf 83' lang='lat' dir='ltr'><strong>recipit</strong></span> <span class='ocrx_word' id='word_1_176' title='bbox 947 2237 1076 2299; x_wconf 58' lang='lat' dir='ltr'><strong>domama</strong></span> 
     </span>
    </p>
   </div>
   <div class='ocr_carea' id='block_1_3' title="bbox 387 2423 1168 2489">
    <p class='ocr_par' dir='ltr' id='par_1_20' title="bbox 387 2423 1168 2489">
     <span class='ocr_line' id='line_1_25' title="bbox 387 2423 1168 2489; baseline 0.006 -7"><span class='ocrx_word' id='word_1_177' title='bbox 387 2423 555 2485; x_wconf 85' lang='lat' dir='ltr'><strong>EVGLIO</strong></span> <span class='ocrx_word' id='word_1_178' title='bbox 600 2423 880 2486; x_wconf 75' lang='lat' dir='ltr'><strong>Muuauuavs</strong></span> <span class='ocrx_word' id='word_1_179' title='bbox 1107 2424 1168 2489; x_wconf 78' lang='lat'><strong>112</strong></span> 
     </span>
    </p>
   </div>
   <div class='ocr_carea' id='block_1_4' title="bbox 97 2541 1169 2707">
    <p class='ocr_par' dir='ltr' id='par_1_21' title="bbox 97 2541 1169 2707">
     <span class='ocr_line' id='line_1_26' title="bbox 97 2541 1169 2622; baseline 0.002 -19"><span class='ocrx_word' id='word_1_180' title='bbox 97 2543 186 2603; x_wconf 84' lang='lat' dir='ltr'><strong>Eveu.</strong></span> <span class='ocrx_word' id='word_1_181' title='bbox 213 2542 399 2621; x_wconf 83' lang='lat' dir='ltr'><strong>Praesagibat</strong></span> <span class='ocrx_word' id='word_1_182' title='bbox 411 2543 451 2603; x_wconf 94' lang='lat' dir='ltr'><strong>mi</strong></span> <span class='ocrx_word' id='word_1_183' title='bbox 462 2543 578 2604; x_wconf 93' lang='lat' dir='ltr'><strong>animus</strong></span> <span class='ocrx_word' id='word_1_184' title='bbox 589 2544 698 2604; x_wconf 88' lang='lat' dir='ltr'><strong>frustra</strong></span> <span class='ocrx_word' id='word_1_185' title='bbox 709 2560 756 2603; x_wconf 91' lang='lat' dir='ltr'><strong>me</strong></span> <span class='ocrx_word' id='word_1_186' title='bbox 768 2542 821 2612; x_wconf 81' lang='lat' dir='ltr'><strong>ire,</strong></span> <span class='ocrx_word' id='word_1_187' title='bbox 836 2562 925 2622; x_wconf 93' lang='lat' dir='ltr'><strong>quom</strong></span> <span class='ocrx_word' id='word_1_188' title='bbox 939 2541 1053 2603; x_wconf 85' lang='lat' dir='ltr'><strong>exibam</strong></span> <span class='ocrx_word' id='word_1_189' title='bbox 1064 2543 1169 2618; x_wconf 90' lang='lat' dir='ltr'><strong>domo;</strong></span> 
     </span>
     <span class='ocr_line' id='line_1_27' title="bbox 98 2627 1010 2707; baseline 0 -19"><span class='ocrx_word' id='word_1_190' title='bbox 98 2629 199 2707; x_wconf 91' lang='lat' dir='ltr'><strong>itaque</strong></span> <span class='ocrx_word' id='word_1_191' title='bbox 215 2627 330 2689; x_wconf 90' lang='lat' dir='ltr'><strong>abibam</strong></span> <span class='ocrx_word' id='word_1_192' title='bbox 346 2627 470 2704; x_wconf 90' lang='lat' dir='ltr'><strong>invitus;</strong></span> <span class='ocrx_word' id='word_1_193' title='bbox 485 2646 552 2688; x_wconf 93' lang='lat' dir='ltr'><strong>uam</strong></span> <span class='ocrx_word' id='word_1_194' title='bbox 569 2646 667 2707; x_wconf 91' lang='lat' dir='ltr'><strong>neque</strong></span> <span class='ocrx_word' id='word_1_195' title='bbox 683 2628 839 2707; x_wconf 89' lang='lat' dir='ltr'><strong>quisquam</strong></span> <span class='ocrx_word' id='word_1_196' title='bbox 854 2627 1010 2690; x_wconf 87' lang='lat' dir='ltr'><strong>curialium</strong></span> 
     </span>
    </p>
   </div>
   <div class='ocr_carea' id='block_1_5' title="bbox 95 2795 1171 3674">
    <p class='ocr_par' dir='ltr' id='par_1_22' title="bbox 95 2795 1171 3674">
     <span class='ocr_line' id='line_1_28' title="bbox 185 2795 1169 2850; baseline 0.002 -4"><span class='ocrx_word' id='word_1_197' title='bbox 185 2797 233 2848; x_wconf 87' lang='grc'><strong>159</strong></span> <span class='ocrx_word' id='word_1_198' title='bbox 251 2800 366 2845; x_wconf 71' lang='lat' dir='ltr'><strong>moenam</strong></span> <span class='ocrx_word' id='word_1_199' title='bbox 383 2798 504 2846; x_wconf 81' lang='lat' dir='ltr'><strong>motatur</strong></span> <span class='ocrx_word' id='word_1_200' title='bbox 514 2798 642 2845; x_wconf 63' lang='lat' dir='ltr'><strong>ammonio</strong></span> <span class='ocrx_word' id='word_1_201' title='bbox 653 2795 740 2847; x_wconf 79' lang='lat' dir='ltr'><strong>indoli</strong></span> <span class='ocrx_word' id='word_1_202' title='bbox 753 2798 939 2847; x_wconf 83' lang='lat' dir='ltr'><strong>conuenienter</strong></span> <span class='ocrx_word' id='word_1_203' title='bbox 953 2800 980 2845; x_wconf 85' lang='lat' dir='ltr'><strong>et</strong></span> <span class='ocrx_word' id='word_1_204' title='bbox 992 2796 1036 2846; x_wconf 76' lang='lat' dir='ltr'><strong>bio</strong></span> <span class='ocrx_word' id='word_1_205' title='bbox 1047 2800 1074 2846; x_wconf 85' lang='lat' dir='ltr'><strong>et</strong></span> <span class='ocrx_word' id='word_1_206' title='bbox 1084 2811 1108 2850; x_wconf 90' lang='lat' dir='ltr'><strong>o.</strong></span> <span class='ocrx_word' id='word_1_207' title='bbox 1120 2797 1169 2850; x_wconf 87' lang='grc'><strong>149</strong></span> 
     </span>
     <span class='ocr_line' id='line_1_29' title="bbox 98 2862 1102 2930; baseline -0.001 -15"><span class='ocrx_word' id='word_1_208' title='bbox 98 2865 147 2916; x_wconf 87' lang='grc'><strong>161</strong></span> <span class='ocrx_word' id='word_1_209' title='bbox 167 2877 217 2914; x_wconf 91' lang='lat' dir='ltr'><strong>non</strong></span> <span class='ocrx_word' id='word_1_210' title='bbox 234 2863 274 2914; x_wconf 82' lang='lat' dir='ltr'><strong>ris</strong></span> <span class='ocrx_word' id='word_1_211' title='bbox 345 2865 394 2915; x_wconf 83' lang='lat'><strong>162</strong></span> <span class='ocrx_word' id='word_1_212' title='bbox 413 2863 456 2930; x_wconf 90' lang='lat' dir='ltr'><strong>qui</strong></span> <span class='ocrx_word' id='word_1_213' title='bbox 475 2862 583 2914; x_wconf 89' lang='lat' dir='ltr'><strong>mediam</strong></span> <span class='ocrx_word' id='word_1_214' title='bbox 602 2863 696 2927; x_wconf 67' lang='lat' dir='ltr'><strong>bend„</strong></span> <span class='ocrx_word' id='word_1_215' title='bbox 713 2864 810 2914; x_wconf 76' lang='lat' dir='ltr'><strong>Festus</strong></span> <span class='ocrx_word' id='word_1_216' title='bbox 888 2865 934 2916; x_wconf 87' lang='grc'><strong>163</strong></span> <span class='ocrx_word' id='word_1_217' title='bbox 954 2863 1102 2915; x_wconf 78' lang='lat' dir='ltr'><strong>fortuituB</strong></span> 
     </span>
     <span class='ocr_line' id='line_1_30' title="bbox 100 2929 1102 2998; baseline -0.001 -14"><span class='ocrx_word' id='word_1_218' title='bbox 100 2932 150 2984; x_wconf 87' lang='grc'><strong>164</strong></span> <span class='ocrx_word' id='word_1_219' title='bbox 168 2931 240 2998; x_wconf 89' lang='lat' dir='ltr'><strong>quin]</strong></span> <span class='ocrx_word' id='word_1_220' title='bbox 258 2929 319 2997; x_wconf 89' lang='lat' dir='ltr'><strong>quid</strong></span> <span class='ocrx_word' id='word_1_221' title='bbox 341 2930 373 2980; x_wconf 68' lang='grc' dir='ltr'><strong>Β1</strong></span> <span class='ocrx_word' id='word_1_222' title='bbox 447 2938 564 2995; x_wconf 87' lang='lat' dir='ltr'><strong>paratum</strong></span> <span class='ocrx_word' id='word_1_223' title='bbox 581 2931 621 2983; x_wconf 89' lang='lat' dir='ltr'><strong>bis</strong></span> <span class='ocrx_word' id='word_1_224' title='bbox 640 2947 732 2984; x_wconf 91' lang='lat' dir='ltr'><strong>nomen</strong></span> <span class='ocrx_word' id='word_1_225' title='bbox 751 2931 836 2998; x_wconf 90' lang='lat' dir='ltr'><strong>pueris</strong></span> <span class='ocrx_word' id='word_1_226' title='bbox 854 2938 987 2998; x_wconf 86' lang='lat' dir='ltr'><strong>postumae</strong></span> <span class='ocrx_word' id='word_1_227' title='bbox 1004 2932 1102 2983; x_wconf 69' lang='lat' dir='ltr'><strong>Festus</strong></span> 
     </span>
     <span class='ocr_line' id='line_1_31' title="bbox 97 2997 1170 3061; baseline 0.003 -11"><span class='ocrx_word' id='word_1_228' title='bbox 97 2997 214 3050; x_wconf 87' lang='lat' dir='ltr'><strong>Postumi</strong></span> <span class='ocrx_word' id='word_1_229' title='bbox 227 2999 350 3061; x_wconf 77' lang='lat' dir='ltr'><strong>Vrsinus,</strong></span> <span class='ocrx_word' id='word_1_230' title='bbox 363 2998 485 3050; x_wconf 87' lang='lat' dir='ltr'><strong>Postumo</strong></span> <span class='ocrx_word' id='word_1_231' title='bbox 497 2998 631 3050; x_wconf 79' lang='lat' dir='ltr'><strong>Beckeme</strong></span> <span class='ocrx_word' id='word_1_232' title='bbox 642 3003 672 3051; x_wconf 84' lang='lat' dir='ltr'><strong>in</strong></span> <span class='ocrx_word' id='word_1_233' title='bbox 684 3000 801 3052; x_wconf 81' lang='lat' dir='ltr'><strong>Studem.</strong></span> <span class='ocrx_word' id='word_1_234' title='bbox 814 3000 882 3051; x_wconf 79' lang='lat' dir='ltr'><strong>etad.</strong></span> <span class='ocrx_word' id='word_1_235' title='bbox 893 2999 966 3051; x_wconf 86' lang='lat'><em>1170</em></span> <span class='ocrx_word' id='word_1_236' title='bbox 1036 3002 1170 3054; x_wconf 86' lang='grc'><strong>161-164</strong></span> 
     </span>
     <span class='ocr_line' id='line_1_32' title="bbox 95 3068 1170 3200; baseline 0 -14"><span class='ocrx_word' id='word_1_237' title='bbox 95 3082 166 3187; x_wconf 65' lang='grc'><strong>177</strong></span> <span class='ocrx_word' id='word_1_238' title='bbox 167 3072 384 3199; x_wconf 69' lang='lat' dir='ltr'><strong>battuta</strong></span> <span class='ocrx_word' id='word_1_239' title='bbox 393 3072 511 3186; x_wconf 51' lang='lat' dir='ltr'><strong>um</strong></span> <span class='ocrx_word' id='word_1_240' title='bbox 519 3068 1170 3200; x_wconf 60' lang='lat' dir='ltr'><strong>mttttt:ttattttttttetmttttt</strong></span> 
     </span>
     <span class='ocr_line' id='line_1_33' title="bbox 99 3201 1170 3269; baseline -0.001 -15"><span class='ocrx_word' id='word_1_241' title='bbox 99 3202 173 3268; x_wconf 80' lang='lat' dir='ltr'><strong>Capt.</strong></span> <span class='ocrx_word' id='word_1_242' title='bbox 185 3202 245 3266; x_wconf 76' lang='lat'><strong><em>324]</em></strong></span> <span class='ocrx_word' id='word_1_243' title='bbox 263 3209 407 3254; x_wconf 85' lang='lat' dir='ltr'><strong>nostrorum</strong></span> <span class='ocrx_word' id='word_1_244' title='bbox 477 3204 525 3254; x_wconf 86' lang='grc'><strong>167</strong></span> <span class='ocrx_word' id='word_1_245' title='bbox 544 3217 567 3254; x_wconf 91' lang='lat' dir='ltr'><strong>a.</strong></span> <span class='ocrx_word' id='word_1_246' title='bbox 580 3201 604 3255; x_wconf 89' lang='lat' dir='ltr'><strong>d.</strong></span> <span class='ocrx_word' id='word_1_247' title='bbox 617 3202 651 3266; x_wconf 88' lang='lat' dir='ltr'><strong>d.]</strong></span> <span class='ocrx_word' id='word_1_248' title='bbox 670 3202 743 3252; x_wconf 88' lang='lat' dir='ltr'><strong>dotes</strong></span> <span class='ocrx_word' id='word_1_249' title='bbox 759 3201 870 3269; x_wconf 84' lang='lat' dir='ltr'><strong>dapsitas</strong></span> <span class='ocrx_word' id='word_1_250' title='bbox 882 3201 987 3252; x_wconf 72' lang='lat' dir='ltr'><strong>Nonius</strong></span> <span class='ocrx_word' id='word_1_251' title='bbox 1057 3203 1105 3255; x_wconf 90' lang='grc'><strong>168</strong></span> <span class='ocrx_word' id='word_1_252' title='bbox 1123 3203 1170 3253; x_wconf 89' lang='lat' dir='ltr'><strong>im·</strong></span> 
     </span>
     <span class='ocr_line' id='line_1_34' title="bbox 98 3267 1171 3337; baseline 0.001 -16"><span class='ocrx_word' id='word_1_253' title='bbox 98 3270 184 3336; x_wconf 83' lang='lat' dir='ltr'><strong>pariae</strong></span> <span class='ocrx_word' id='word_1_254' title='bbox 201 3270 261 3336; x_wconf 8' lang='lat' dir='ltr'><strong>B¹y</strong></span> <span class='ocrx_word' id='word_1_255' title='bbox 321 3271 416 3322; x_wconf 87' lang='lat' dir='ltr'><strong>eburna</strong></span> <span class='ocrx_word' id='word_1_256' title='bbox 437 3270 554 3337; x_wconf 79' lang='lat' dir='ltr'><strong>Guyetua</strong></span> <span class='ocrx_word' id='word_1_257' title='bbox 631 3269 747 3321; x_wconf 82' lang='lat' dir='ltr'><strong>vehicula</strong></span> <span class='ocrx_word' id='word_1_258' title='bbox 834 3267 983 3334; x_wconf 63' lang='lat' dir='ltr'><strong>*clamores</strong></span> <span class='ocrx_word' id='word_1_259' title='bbox 1002 3270 1107 3321; x_wconf 89' lang='lat' dir='ltr'><strong>eburata</strong></span> <span class='ocrx_word' id='word_1_260' title='bbox 1125 3286 1171 3322; x_wconf 87' lang='lat' dir='ltr'><strong>ve·</strong></span> 
     </span>
     <span class='ocr_line' id='line_1_35' title="bbox 97 3337 1169 3404; baseline 0 -15"><span class='ocrx_word' id='word_1_261' title='bbox 97 3337 174 3398; x_wconf 77' lang='lat' dir='ltr'><strong>biota,</strong></span> <span class='ocrx_word' id='word_1_262' title='bbox 192 3338 326 3403; x_wconf 88' lang='lat' dir='ltr'><strong>[ancillas]‚</strong></span> <span class='ocrx_word' id='word_1_263' title='bbox 343 3339 433 3404; x_wconf 83' lang='lat' dir='ltr'><strong>pallas,</strong></span> <span class='ocrx_word' id='word_1_264' title='bbox 451 3353 588 3404; x_wconf 84' lang='lat' dir='ltr'><strong>purpuram</strong></span> <span class='ocrx_word' id='word_1_265' title='bbox 670 3340 718 3390; x_wconf 89' lang='grc'><strong>169</strong></span> <span class='ocrx_word' id='word_1_266' title='bbox 737 3338 887 3390; x_wconf 87' lang='lat' dir='ltr'><strong>servitutum</strong></span> <span class='ocrx_word' id='word_1_267' title='bbox 900 3337 974 3389; x_wconf 84' lang='lat' dir='ltr'><strong>BDE</strong></span> <span class='ocrx_word' id='word_1_268' title='bbox 1050 3337 1169 3402; x_wconf 81' lang='lat' dir='ltr'><strong>redigun-</strong></span> 
     </span>
     <span class='ocr_line' id='line_1_36' title="bbox 98 3405 1169 3472; baseline -0.002 -15"><span class='ocrx_word' id='word_1_269' title='bbox 98 3405 233 3457; x_wconf 76' lang='lat' dir='ltr'><strong>turnum</strong></span> <span class='ocrx_word' id='word_1_270' title='bbox 295 3410 343 3459; x_wconf 87' lang='grc'><strong>170</strong></span> <span class='ocrx_word' id='word_1_271' title='bbox 362 3406 559 3458; x_wconf 85' lang='lat' dir='ltr'><strong>dio-uxorem</strong></span> <span class='ocrx_word' id='word_1_272' title='bbox 572 3406 717 3471; x_wconf 78' lang='lat' dir='ltr'><strong>Megadoro</strong></span> <span class='ocrx_word' id='word_1_273' title='bbox 731 3409 896 3469; x_wconf 83' lang='lat' dir='ltr'><strong>continuata,</strong></span> <span class='ocrx_word' id='word_1_274' title='bbox 914 3405 1020 3472; x_wconf 86' lang='lat' dir='ltr'><strong>eloquar</strong></span> <span class='ocrx_word' id='word_1_275' title='bbox 1030 3421 1068 3471; x_wconf 78' lang='lat' dir='ltr'><strong>sq.</strong></span> <span class='ocrx_word' id='word_1_276' title='bbox 1079 3407 1169 3457; x_wconf 83' lang='lat' dir='ltr'><strong>Euno-</strong></span> 
     </span>
     <span class='ocr_line' id='line_1_37' title="bbox 97 3474 1170 3542; baseline 0.004 -19"><span class='ocrx_word' id='word_1_277' title='bbox 97 3477 169 3525; x_wconf 84' lang='lat' dir='ltr'><strong>miae</strong></span> <span class='ocrx_word' id='word_1_278' title='bbox 186 3474 251 3524; x_wconf 84' lang='lat' dir='ltr'><strong>duta</strong></span> <span class='ocrx_word' id='word_1_279' title='bbox 319 3479 424 3542; x_wconf 89' lang='lat' dir='ltr'><strong>quaeso]</strong></span> <span class='ocrx_word' id='word_1_280' title='bbox 442 3475 464 3526; x_wconf 91' lang='lat' dir='ltr'><strong>si</strong></span> <span class='ocrx_word' id='word_1_281' title='bbox 482 3475 559 3525; x_wconf 88' lang='lat' dir='ltr'><strong>audes</strong></span> <span class='ocrx_word' id='word_1_282' title='bbox 581 3475 735 3525; x_wconf 68' lang='lat' dir='ltr'><strong>Priamum</strong></span> <span class='ocrx_word' id='word_1_283' title='bbox 752 3475 780 3526; x_wconf 95' lang='lat' dir='ltr'><strong>II</strong></span> <span class='ocrx_word' id='word_1_284' title='bbox 793 3475 848 3538; x_wconf 71' lang='lat' dir='ltr'><strong>pe</strong></span> <span class='ocrx_word' id='word_1_285' title='bbox 867 3477 893 3523; x_wconf 84' lang='lat' dir='ltr'><strong>et</strong></span> <span class='ocrx_word' id='word_1_286' title='bbox 908 3474 993 3524; x_wconf 70' lang='lat' dir='ltr'><strong>Persii</strong></span> <span class='ocrx_word' id='word_1_287' title='bbox 1009 3474 1089 3526; x_wconf 76' lang='lat' dir='ltr'><strong>sobal.</strong></span> <span class='ocrx_word' id='word_1_288' title='bbox 1101 3475 1126 3538; x_wconf 84' lang='lat'><strong>3,</strong></span> <span class='ocrx_word' id='word_1_289' title='bbox 1135 3475 1170 3527; x_wconf 89' lang='grc'><strong>89</strong></span> 
     </span>
     <span class='ocr_line' id='line_1_38' title="bbox 98 3540 1169 3608; baseline 0.002 -16"><span class='ocrx_word' id='word_1_290' title='bbox 98 3541 166 3608; x_wconf 86' lang='lat' dir='ltr'><strong>quia]</strong></span> <span class='ocrx_word' id='word_1_291' title='bbox 186 3556 251 3608; x_wconf 91' lang='lat' dir='ltr'><strong>quae</strong></span> <span class='ocrx_word' id='word_1_292' title='bbox 260 3544 330 3594; x_wconf 78' lang='lat' dir='ltr'><strong>Pera.</strong></span> <span class='ocrx_word' id='word_1_293' title='bbox 340 3543 422 3594; x_wconf 78' lang='lat' dir='ltr'><strong>schol.</strong></span> <span class='ocrx_word' id='word_1_294' title='bbox 492 3543 576 3608; x_wconf 86' lang='lat' dir='ltr'><strong>quivis</strong></span> <span class='ocrx_word' id='word_1_295' title='bbox 594 3543 685 3593; x_wconf 88' lang='lat' dir='ltr'><strong>ducere</strong></span> <span class='ocrx_word' id='word_1_296' title='bbox 695 3543 742 3604; x_wconf 68' lang='lat' dir='ltr'><strong>De,</strong></span> <span class='ocrx_word' id='word_1_297' title='bbox 761 3555 836 3608; x_wconf 88' lang='lat' dir='ltr'><strong>quam</strong></span> <span class='ocrx_word' id='word_1_298' title='bbox 849 3540 941 3592; x_wconf 85' lang='lat' dir='ltr'><strong>ducere</strong></span> <span class='ocrx_word' id='word_1_299' title='bbox 953 3541 992 3592; x_wconf 89' lang='lat' dir='ltr'><strong>vis</strong></span> <span class='ocrx_word' id='word_1_300' title='bbox 1004 3542 1076 3592; x_wconf 79' lang='lat' dir='ltr'><strong>Pers.</strong></span> <span class='ocrx_word' id='word_1_301' title='bbox 1088 3542 1169 3594; x_wconf 79' lang='lat' dir='ltr'><strong>sobet.</strong></span> 
     </span>
     <span class='ocr_line' id='line_1_39' title="bbox 99 3609 1101 3674; baseline -0.002 -13"><span class='ocrx_word' id='word_1_302' title='bbox 99 3611 147 3663; x_wconf 92' lang='grc'><strong>171</strong></span> <span class='ocrx_word' id='word_1_303' title='bbox 167 3609 279 3661; x_wconf 89' lang='lat' dir='ltr'><strong>novistin</strong></span> <span class='ocrx_word' id='word_1_304' title='bbox 350 3611 398 3661; x_wconf 83' lang='grc'><strong>172</strong></span> <span class='ocrx_word' id='word_1_305' title='bbox 416 3610 561 3674; x_wconf 77' lang='lat' dir='ltr'><strong>Megadoro</strong></span> <span class='ocrx_word' id='word_1_306' title='bbox 580 3610 669 3672; x_wconf 82' lang='lat' dir='ltr'><strong>datur,</strong></span> <span class='ocrx_word' id='word_1_307' title='bbox 687 3614 751 3661; x_wconf 83' lang='lat' dir='ltr'><strong>ante</strong></span> <span class='ocrx_word' id='word_1_308' title='bbox 768 3609 823 3660; x_wconf 89' lang='lat' dir='ltr'><strong>eius</strong></span> <span class='ocrx_word' id='word_1_309' title='bbox 839 3624 969 3673; x_wconf 75' lang='lat' dir='ltr'><strong>personae</strong></span> <span class='ocrx_word' id='word_1_310' title='bbox 984 3612 1101 3673; x_wconf 76' lang='lat' dir='ltr'><strong>epatium</strong></span> 
     </span>
    </p>
   </div>
   <div class='ocr_carea' id='block_1_6' title="bbox 98 3677 1170 3794">
    <p class='ocr_par' dir='ltr' id='par_1_23' title="bbox 98 3677 1170 3794">
     <span class='ocr_line' id='line_1_40' title="bbox 98 3677 1170 3794; baseline -0.003 -65"><span class='ocrx_word' id='word_1_311' title='bbox 98 3681 199 3729; x_wconf 88' lang='lat' dir='ltr'><strong>ecastor</strong></span> <span class='ocrx_word' id='word_1_312' title='bbox 217 3677 252 3728; x_wconf 86' lang='lat' dir='ltr'><strong>B²</strong></span> <span class='ocrx_word' id='word_1_313' title='bbox 321 3679 368 3730; x_wconf 87' lang='grc'><strong>175</strong></span> <span class='ocrx_word' id='word_1_314' title='bbox 386 3677 494 3794; x_wconf 59' lang='lat' dir='ltr'><strong>quodE</strong></span> <span class='ocrx_word' id='word_1_315' title='bbox 561 3693 628 3729; x_wconf 89' lang='lat' dir='ltr'><strong>nunc</strong></span> <span class='ocrx_word' id='word_1_316' title='bbox 646 3677 706 3744; x_wconf 89' lang='lat' dir='ltr'><strong>quid</strong></span> <span class='ocrx_word' id='word_1_317' title='bbox 776 3679 824 3730; x_wconf 93' lang='grc'><strong>176</strong></span> <span class='ocrx_word' id='word_1_318' title='bbox 838 3677 986 3728; x_wconf 87' lang='lat' dir='ltr'><strong>conveniam</strong></span> <span class='ocrx_word' id='word_1_319' title='bbox 1000 3679 1068 3741; x_wconf 88' lang='lat' dir='ltr'><strong>[iam]</strong></span> <span class='ocrx_word' id='word_1_320' title='bbox 1084 3677 1170 3744; x_wconf 79' lang='lat' dir='ltr'><strong>Geye-</strong></span> 
     </span>
    </p>
   </div>
   <div class='ocr_carea' id='block_1_7' title="bbox 95 3743 1170 3946">
    <p class='ocr_par' dir='ltr' id='par_1_24' title="bbox 95 3743 1170 3946">
     <span class='ocr_line' id='line_1_41' title="bbox 98 3743 1170 3808; baseline 0 -14"><span class='ocrx_word' id='word_1_321' title='bbox 98 3745 143 3794; x_wconf 79' lang='lat' dir='ltr'><strong>dds</strong></span> <span class='ocrx_word' id='word_1_322' title='bbox 213 3747 259 3798; x_wconf 87' lang='grc'><strong>177</strong></span> <span class='ocrx_word' id='word_1_323' title='bbox 274 3743 367 3808; x_wconf 87' lang='lat' dir='ltr'><strong>[video]</strong></span> <span class='ocrx_word' id='word_1_324' title='bbox 409 3745 498 3795; x_wconf 80' lang='lat' dir='ltr'><strong>tettiue</strong></span> <span class='ocrx_word' id='word_1_325' title='bbox 566 3750 680 3796; x_wconf 77' lang='lat' dir='ltr'><strong>aetenam</strong></span> <span class='ocrx_word' id='word_1_326' title='bbox 697 3750 769 3795; x_wconf 85' lang='lat' dir='ltr'><strong>reeta</strong></span> <span class='ocrx_word' id='word_1_327' title='bbox 786 3746 920 3796; x_wconf 75' lang='lat' dir='ltr'><strong>divinasse</strong></span> <span class='ocrx_word' id='word_1_328' title='bbox 935 3746 1041 3796; x_wconf 80' lang='lat' dir='ltr'><strong>uidetur</strong></span> <span class='ocrx_word' id='word_1_329' title='bbox 1053 3746 1170 3797; x_wconf 79' lang='lat' dir='ltr'><strong>Ritscbe·</strong></span> 
     </span>
     <span class='ocr_line' id='line_1_42' title="bbox 96 3812 1170 3878; baseline 0 -15"><span class='ocrx_word' id='word_1_330' title='bbox 96 3813 151 3863; x_wconf 76' lang='lat' dir='ltr'><strong>lius</strong></span> <span class='ocrx_word' id='word_1_331' title='bbox 167 3814 219 3877; x_wconf 82' lang='lat' dir='ltr'><strong>(op.</strong></span> <span class='ocrx_word' id='word_1_332' title='bbox 238 3812 262 3875; x_wconf 79' lang='lat'><strong>2,</strong></span> <span class='ocrx_word' id='word_1_333' title='bbox 279 3812 339 3877; x_wconf 80' lang='lat'><strong><em>283)</em></strong></span> <span class='ocrx_word' id='word_1_334' title='bbox 362 3815 471 3863; x_wconf 82' lang='lat' dir='ltr'><strong>minime</strong></span> <span class='ocrx_word' id='word_1_335' title='bbox 492 3815 628 3878; x_wconf 81' lang='lat' dir='ltr'><strong>integram</strong></span> <span class='ocrx_word' id='word_1_336' title='bbox 645 3816 715 3864; x_wconf 83' lang='lat' dir='ltr'><strong>buno</strong></span> <span class='ocrx_word' id='word_1_337' title='bbox 730 3829 854 3865; x_wconf 76' lang='lat' dir='ltr'><strong>scaenam</strong></span> <span class='ocrx_word' id='word_1_338' title='bbox 873 3814 940 3878; x_wconf 78' lang='lat' dir='ltr'><strong>legi,</strong></span> <span class='ocrx_word' id='word_1_339' title='bbox 962 3813 1025 3864; x_wconf 84' lang='lat' dir='ltr'><strong>inde</strong></span> <span class='ocrx_word' id='word_1_340' title='bbox 1042 3832 1059 3865; x_wconf 87' lang='lat' dir='ltr'><strong>a</strong></span> <span class='ocrx_word' id='word_1_341' title='bbox 1075 3830 1100 3866; x_wconf 89' lang='lat' dir='ltr'><strong>e.</strong></span> <span class='ocrx_word' id='word_1_342' title='bbox 1120 3813 1170 3864; x_wconf 83' lang='lat'><strong>165</strong></span> 
     </span>
     <span class='ocr_line' id='line_1_43' title="bbox 95 3877 1169 3946; baseline -0.003 -14"><span class='ocrx_word' id='word_1_343' title='bbox 95 3882 200 3932; x_wconf 73' lang='lat' dir='ltr'><strong>scilieet</strong></span> <span class='ocrx_word' id='word_1_344' title='bbox 269 3883 316 3936; x_wconf 88' lang='grc'><strong>178</strong></span> <span class='ocrx_word' id='word_1_345' title='bbox 336 3879 437 3944; x_wconf 76' lang='lat' dir='ltr'><strong>Eromo.</strong></span> <span class='ocrx_word' id='word_1_346' title='bbox 463 3896 612 3934; x_wconf 72' lang='lat' dir='ltr'><strong>mannonis</strong></span> <span class='ocrx_word' id='word_1_347' title='bbox 630 3895 704 3932; x_wconf 83' lang='lat' dir='ltr'><strong>sunus</strong></span> <span class='ocrx_word' id='word_1_348' title='bbox 722 3895 773 3933; x_wconf 85' lang='lat' dir='ltr'><strong>nvo</strong></span> <span class='ocrx_word' id='word_1_349' title='bbox 791 3883 826 3946; x_wconf 81' lang='lat' dir='ltr'><strong>(u.</strong></span> <span class='ocrx_word' id='word_1_350' title='bbox 839 3882 871 3946; x_wconf 88' lang='lat' dir='ltr'><strong>E)</strong></span> <span class='ocrx_word' id='word_1_351' title='bbox 880 3881 936 3943; x_wconf 86' lang='lat' dir='ltr'><strong>BE,</strong></span> <span class='ocrx_word' id='word_1_352' title='bbox 954 3882 1040 3933; x_wconf 86' lang='lat' dir='ltr'><strong>om.D</strong></span> <span class='ocrx_word' id='word_1_353' title='bbox 1107 3877 1169 3932; x_wconf 87' lang='lat' dir='ltr'><strong>mibi</strong></span> 
     </span>
    </p>
   </div>
   <div class='ocr_carea' id='block_1_8' title="bbox 96 3947 980 4085">
    <p class='ocr_par' dir='ltr' id='par_1_25' title="bbox 96 3947 980 4085">
     <span class='ocr_line' id='line_1_44' title="bbox 96 3947 980 4016; baseline -0.005 -15"><span class='ocrx_word' id='word_1_354' title='bbox 96 3964 148 4002; x_wconf 85' lang='lat' dir='ltr'><strong>om.</strong></span> <span class='ocrx_word' id='word_1_355' title='bbox 168 3947 259 4001; x_wconf 78' lang='lat' dir='ltr'><strong>Cicero</strong></span> <span class='ocrx_word' id='word_1_356' title='bbox 277 3950 309 4000; x_wconf 86' lang='lat' dir='ltr'><strong>de</strong></span> <span class='ocrx_word' id='word_1_357' title='bbox 326 3950 408 4002; x_wconf 79' lang='lat' dir='ltr'><strong>diota.</strong></span> <span class='ocrx_word' id='word_1_358' title='bbox 426 3949 490 4002; x_wconf 79' lang='lat'><strong>165</strong></span> <span class='ocrx_word' id='word_1_359' title='bbox 559 3950 692 4016; x_wconf 79' lang='lat' dir='ltr'><strong>exigebam</strong></span> <span class='ocrx_word' id='word_1_360' title='bbox 710 3948 756 4015; x_wconf 70' lang='lat' dir='ltr'><strong>Ba,</strong></span> <span class='ocrx_word' id='word_1_361' title='bbox 774 3951 869 4003; x_wconf 84' lang='lat' dir='ltr'><strong>exirem</strong></span> <span class='ocrx_word' id='word_1_362' title='bbox 889 3950 980 4002; x_wconf 80' lang='lat' dir='ltr'><strong>Cicero</strong></span> 
     </span>
     <span class='ocr_line' id='line_1_45' title="bbox 933 4032 965 4085; baseline 0 -18"><span class='ocrx_word' id='word_1_363' title='bbox 933 4032 965 4085; x_wconf 65' lang='grc' dir='ltr'>μ</span> 
     </span>
    </p>
   </div>
   <div class='ocr_carea' id='block_1_9' title="bbox 0 0 1276 4364">
    <p class='ocr_par' dir='ltr' id='par_1_26' title="bbox 0 0 1276 4364">
     <span class='ocr_line' id='line_1_46' title="bbox 0 0 1276 4364; baseline 0 0"><span class='ocrx_word' id='word_1_364' title='bbox 0 0 1276 4364; x_wconf 95' lang='lat' dir='ltr'><strong> </strong></span> 
     </span>
    </p>
   </div>
  </div>
 </body>
</html>
