2544 4364
357 716 553 778 Ltutuvs
597 717 910 783 DEMAENETVS
1119 725 1172 789 11

95 867 157 928 Lm.
192 867 275 929 Sicut
289 876 372 929 tuom
387 868 430 930 vis
445 869 568 931 unicum
583 879 704 948 gnatum
721 880 788 934 tuae

95 971 251 1033 superesse
266 953 340 1015 vitae
355 953 496 1032 sospitem
512 962 540 1015 et
555 955 754 1034 superstitem,

95 1037 135 1098 ita
150 1038 199 1099 ted
215 1038 346 1100 obtestor
360 1056 415 1118 per
430 1048 614 1101 senectutem
629 1049 709 1101 tuam

95 1140 210 1202 perque
224 1122 312 1198 illam,
328 1141 416 1202 quam
430 1133 462 1184 tu
479 1124 595 1198 metuis,
612 1143 734 1186 uxorem
750 1134 846 1187 tuam:

95 1206 120 1268 si
135 1207 206 1286 quid
221 1208 289 1268 med
304 1226 374 1288 erga
389 1207 475 1269 hodie
491 1208 596 1270 lalsum
613 1209 732 1285 dixeris,

94 1292 129 1352 ut
144 1291 196 1353 tibi
211 1301 362 1371 superstes
376 1311 452 1354 uxor
467 1302 592 1354 aetatem
607 1295 663 1356 siet

95 1384 184 1455 atque
199 1377 247 1438 illa
261 1378 323 1438 viva
339 1378 418 1440 vivos
433 1387 465 1439 tu
480 1388 593 1458 pestem
612 1387 743 1460 oppetas.

95 1461 170 1522 Dru.
201 1462 257 1523 Per
272 1462 358 1524 llium
374 1462 489 1524 Fidium
505 1464 639 1542 quaeris:
655 1463 837 1525 iurato'mihi

94 1546 178 1608 video
194 1565 315 1609 neccsse
331 1567 394 1610 csse
410 1547 509 1626 eloqui
524 1547 667 1627 quidquid
683 1567 779 1628 roges.

95 1631 134 1692 ita
149 1650 197 1692 me
213 1630 360 1693 obstinate
376 1632 552 1712 adgressu’s,
569 1641 601 1694 ut
617 1652 679 1693 non
696 1632 820 1694 audeam

94 1717 238 1795 profecto,
253 1717 442 1797 percontanti
458 1717 530 1796 quin
546 1735 683 1797 promam
699 1716 815 1792 omnia;

94 1801 221 1880 proinde
236 1810 369 1863 actutum
384 1801 459 1866 istuc
475 1801 545 1881 quid
560 1803 598 1864 sit
613 1803 693 1881 qnod
708 1804 785 1864 scire
800 1801 913 1882 expetis

96 1885 250 1965 eloquere:
266 1895 300 1947 ut
315 1887 378 1967 ipse
392 1885 485 1962 scibo,
500 1896 530 1948 tc
545 1887 651 1948 faciam
665 1895 700 1949 ut
714 1889 798 1950 scias.

96 1969 158 2030 Lm.
189 1970 242 2033 llic
258 1971 383 2032 obsecro
398 1970 498 2032 hercle
514 1972 591 2033 serio
608 1973 687 2051 quod
703 1981 732 2034 te
747 1989 859 2052 rogem,

94 2055 251 2116 caremihi
266 2055 401 2117 mendaci
417 2054 585 2135 quicquam.
630 2056 705 2117 Dru.
736 2056 816 2128 Quin
832 2065 866 2116 tu
881 2073 952 2134 ergo
968 2054 1077 2135 rogas?
1141 2069 1171 2120 30

95 2138 157 2199 Lm.
188 2140 265 2200 Num
280 2159 328 2201 me
343 2140 413 2202 illuc
429 2140 521 2214 ducis,
537 2139 589 2201 ubi
604 2141 677 2221 lapis
692 2141 817 2220 lapidem
833 2137 924 2201 terit?

95 2224 170 2285 Dru.
201 2224 279 2295 Quid
294 2225 370 2287 istdc
385 2222 449 2285 est'l
465 2232 515 2286 aut
529 2224 580 2286 uhi
596 2225 673 2287 istuc
689 2235 733 2288 est
748 2231 894 2287 terrarum
910 2222 990 2286 loci?
1146 2297 1152 2314 ¹

94 2307 157 2370 Lm.
189 2304 255 2392 [Vbi
269 2309 343 2370 tlent
357 2328 484 2389 nequam
501 2310 647 2384 homines,
663 2310 714 2391 qui
728 2311 880 2391 polentam
895 2305 1059 2392 pinsitam]

95 2395 173 2473 apud
189 2393 386 2470 fustitudinas,
403 2393 612 2474 ferricrepinas
627 2396 747 2470 insulas,

95 2477 147 2539 ubi
162 2479 241 2541 vivos
255 2479 392 2542 homines
407 2479 516 2541 mortui
531 2479 685 2542 incursant
699 2481 799 2542 boves.
1144 2490 1173 2540 35

95 2563 171 2624 Ilsn.
201 2563 288 2625 Modo
304 2565 355 2645 pol
370 2564 499 2644 percepi,
515 2564 638 2640 Libane,
655 2565 726 2645 quid
742 2566 818 2626 istuc
832 2563 870 2626 sit
885 2563 957 2625 loci:

95 2647 148 2709 ubi
163 2649 196 2709 fit
209 2648 340 2728 polenta,
356 2660 386 2711 te
401 2651 525 2711 fortasse
539 2649 648 2712 dicere.
692 2649 755 2711 Lm.
785 2651 840 2722 th,

96 2733 309 2812 nequehercle
324 2752 379 2814 ego
394 2735 470 2796 istuc
486 2734 552 2795 dico
569 2753 626 2796 nec
642 2735 754 2797 dictum
770 2735 847 2808 volo,

95 2827 184 2896 teque
200 2817 324 2880 obsecro
340 2819 438 2880 hercle
454 2826 487 2879 ut
501 2836 577 2897 quae
592 2818 719 2881 locutu’s
735 2819 870 2898 despuas.

95 2902 171 2963 Dru.
201 2901 273 2977 Fiat,
289 2912 409 2982 geratur
423 2922 488 2964 mos
503 2901 567 2963 tibi.
610 2903 673 2965 Lm.
703 2903 765 2984 Age
781 2920 944 2983 agensque
961 2918 1075 2962 encrea.
1143 2911 1173 2962 tu

96 2987 171 3048 Dru.
201 2985 358 3050 Etiamne?
402 2988 465 3049 Lm.
495 2986 557 3067 Age
582 3007 692 3067 quaeso
707 2988 807 3050 hercle
823 3006 918 3068 usque
934 3006 969 3049 cx
984 2985 1093 3067 penitis
1108 2986 1172 3046 lau-

453 3071 546 3135 cibus.

162 3236 271 3288 Lmauvs
281 3251 376 3289 seneve
386 3252 534 3290 nsmunrvs
547 3240 683 3304 (onunrms
693 3238 737 3304 13¹)
749 3253 827 3290 sauna
836 3238 892 3302 BE,
905 3252 956 3290 om.
966 3237 992 3287 D
1045 3238 1076 3290 18
1087 3252 1137 3290 om.
1148 3237 1172 3286 u

96 3307 122 3357 te
141 3304 172 3370 B,
192 3309 216 3357 te
235 3305 297 3357 deos
315 3305 401 3356 Iulius
418 3305 581 3369 Rufinianus
669 3310 700 3360 19
718 3309 746 3359 tn
764 3321 815 3358 om.
833 3306 911 3356 Baua
1002 3305 1035 3356 20
1054 3319 1115 3371 ergo
1132 3304 1172 3354 De

96 3371 204 3425 hocedie
222 3372 381 3425 llttacleeliue
460 3375 493 3426 22
511 3377 538 3426 et
554 3377 654 3440 pestem
672 3376 780 3442 oppetat
796 3373 903 3426 Nonius
977 3374 1010 3425 23
1029 3372 1103 3424 deum

97 3454 191 3506 quaere
209 3438 385 3507 Nimneperua
402 3441 470 3493 Pleil.
485 3441 675 3494 Woedensclr.
688 3445 712 3508 1,
721 3443 754 3494 41
824 3444 865 3495 23.
877 3444 910 3494 24
923 3440 972 3493 del.
985 3440 1173 3491 Fleckeisenus

97 3509 130 3560 26
148 3510 324 3574 percunctanti
395 3511 426 3562 30
444 3508 601 3563 mendatium
618 3509 644 3559 D
713 3511 754 3562 32.
773 3511 806 3563 33
821 3510 963 3575 postud7
980 3511 1021 3559 sie
1038 3512 1174 3559 iterantur

96 3577 126 3626 in
144 3575 235 3628 codd:
253 3575 314 3644 qnid
332 3577 399 3629 istuc
416 3577 495 3642 (istud
512 3577 570 3643 BE)
588 3581 635 3629 est.
672 3581 716 3629 aut
729 3577 772 3628 nbi
790 3577 858 3630 istuc
875 3576 909 3629 sit
927 3591 1028 3644 nequeo
1046 3574 1172 3642 noscerel

96 3644 141 3696 ubi
159 3644 224 3696 ssent
241 3659 352 3712 nequam
371 3645 488 3697 homines
506 3645 551 3713 qui
568 3644 699 3711 polentam
718 3644 842 3711 pinsitant
957 3646 990 3697 32
1009 3648 1054 3696 aut
1071 3643 1115 3696 nbi
1133 3647 1174 3695 est

96 3710 163 3764 istuc
182 3713 359 3778 Camerarius,
377 3711 413 3774 ef.
431 3712 590 3764 metuentius
607 3712 642 3764 M.
661 3711 711 3767 uo.
727 3712 770 3778 37,
787 3713 822 3766 60
890 3714 923 3764 33
942 3711 992 3763 del.
1010 3712 1057 3764 Lu
1127 3711 1173 3763 ho·

324 3781 362 3899 a:
597 3779 709 3900 333
742 3782 804 3900 m
822 3779 1009 3915 ‘uttam
1078 3781 1111 3899 tt
1129 3793 1173 3898 a

116 3862 167 3900 erci
371 3863 421 3901 om.
538 3863 586 3900 ac
654 3888 660 3910 ,
712 3864 726 3901 c
1129 3864 1146 3915 q

97 3862 135 3964 ἓν
203 3918 235 3970 41
255 3918 304 3967 loc
322 3918 379 3968 loeo
399 3934 422 3984 s,
436 3921 498 3984 poet
515 3933 539 3970 o.
557 3917 591 3969 55
608 3916 683 3968 uun
