2544 4364
57 213 211 268 lam-111.
221 215 246 257 m
505 201 689 254 avnvnnmn
1088 205 1127 265 97

60 371 165 432 Srnrn.
212 371 265 433 Pol
287 391 320 433 ea
343 372 407 452 ipsa
428 373 516 433 credo
539 393 577 435 uc
599 374 678 435 intro
701 375 833 437 mittatur
854 383 944 450 cavet,

61 475 129 518 nam
145 458 181 518 ad
197 457 276 519 aedis
299 467 414 520 nostras
437 476 599 537 numquam
622 459 689 534 adit,
713 479 891 540 quamquam
912 479 1007 541 prope
1022 469 1075 523 cst.

60 541 149 604 livor..
194 542 271 604 Tace
293 551 381 623 atque
403 542 450 603 abi
472 543 561 605 intro.
618 546 721 606 Srnrn.
756 547 850 609 Taceo
873 556 961 626 atque
982 546 1066 608 abeo.
1088 580 1129 593 -

417 627 502 689 llvcc.
548 630 679 691 Occlude
701 631 741 691 sis

59 713 138 773 iores
160 711 304 775 ambobus
327 712 460 793 pessulis.
504 714 561 774 iam
584 733 639 793 ego
661 715 709 775 hic
732 734 793 776 ero.

59 797 225 859 discrucior
245 798 345 871 animi,
368 803 435 877 qula
458 798 494 859 ab
517 800 604 860 domo
627 801 824 862 abeundumst
845 801 926 861 mibi.
1084 811 1127 861 105

60 883 148 944 nimis
169 883 268 944 berole
289 883 399 945 invitus
421 882 503 944 abeo.
548 884 600 946 sed
623 885 693 964 quid
715 904 799 965 agam
821 887 892 947 scio.

59 986 128 1029 nam
151 977 253 1030 noster
275 977 392 1030 nostrae
415 969 493 1047 quist
516 971 653 1049 magister
674 971 773 1032 curiae

58 1053 187 1114 dividere
209 1054 323 1132 argenti
346 1053 417 1114 dixit
440 1072 577 1116 nummos
599 1056 630 1116 iu
653 1056 746 1130 viros;

57 1137 88 1198 id
109 1138 135 1199 si
156 1138 293 1218 relinquo
316 1157 350 1199 ac
373 1157 435 1199 non
457 1148 537 1218 peto,
561 1158 664 1202 omnes
685 1140 753 1202 ilico

57 1241 105 1284 me
127 1224 324 1303 suspicentur,
347 1223 446 1297 credo,
469 1224 576 1286 babere
599 1243 702 1285 aurum
726 1226 814 1286 domi.

59 1327 127 1369 nam
149 1328 211 1370 non
235 1318 279 1372 est
299 1309 360 1370 veri
381 1309 485 1383 simile,
508 1310 657 1370 bominem
678 1328 840 1390 pauperem

58 1393 218 1473 pauxillum
240 1394 321 1475 parvi
344 1395 441 1455 facere
464 1394 536 1474 quin
559 1413 714 1456 nummum
736 1403 826 1476 petat.

58 1497 127 1540 nam
150 1497 231 1540 nunc
254 1498 344 1559 quom
367 1479 430 1540 celo
452 1479 554 1540 sedulo
578 1481 683 1553 omnis,
707 1499 745 1541 ne
768 1480 871 1553 sciant,

58 1583 163 1626 omnes
184 1564 321 1626 ridentur
343 1564 419 1627 scire
442 1573 472 1624 et
492 1583 540 1625 me
563 1564 721 1644 benignius

58 1648 162 1711 omnes
182 1649 309 1711 salutant
331 1667 419 1729 quam
440 1649 607 1711 salutabant
627 1651 725 1730 prius;

56 1735 177 1809 adeunt,
200 1734 376 1808 consistunt,
398 1733 577 1814 copulantur
598 1735 741 1807 dexteras,

56 1819 187 1899 rogitant
209 1838 257 1881 me
278 1830 311 1881 ut
331 1819 451 1894 valeam,
474 1820 545 1899 quid
567 1838 660 1900 agam,
683 1818 753 1898 quid
776 1836 874 1879 rerum
897 1836 1006 1897 geram.

56 1922 140 1966 nunc
162 1923 222 1984 quo
244 1906 394 1984 profectus
416 1923 480 1966 sum
504 1903 567 1982 ibo;
590 1905 721 1985 postidea
744 1903 863 1964 domum

53 2008 104 2051 me
126 2007 244 2051 rursum
267 1999 409 2069 quantum
432 1998 537 2069 potero
559 1999 674 2052 tantum
696 1989 845 2069 recipiam.

329 2294 535 2356 EVNOMlb
578 2293 860 2355 MEGADORVS
1065 2293 1125 2355 lll

119 2412 190 2473 Eun.
227 2412 320 2473 Velim
342 2421 371 2473 te
394 2412 529 2474 arbitrari
550 2413 617 2473 med
639 2414 711 2473 haec
733 2411 831 2485 verba,
854 2412 953 2485 irater,
1085 2421 1129 2472 121)

119 2497 194 2558 meai
216 2498 284 2559 fidei
305 2497 426 2577 tuaique
449 2498 491 2558 rei

120 2600 207 2645 causa
229 2584 336 2657 facere,
358 2591 392 2643 ut
413 2589 567 2661 aequomst
589 2599 758 2662 germanam
782 2598 926 2642 sororem.

120 2685 297 2747 quamquam
320 2667 398 2729 baud
420 2667 492 2729 falsa
515 2685 579 2730 sum
603 2686 659 2728 nos
681 2666 797 2728 odiosas
819 2665 937 2741 baberi;

120 2771 187 2813 nam
209 2753 334 2814 multum
356 2752 494 2831 loquaces
516 2752 622 2813 merito
646 2769 749 2813 omnes
770 2750 923 2826 habemur,

120 2855 175 2900 nec
197 2838 286 2899 ullam
309 2839 443 2917 prolecto
466 2846 614 2918 repertam
637 2856 701 2899 csse
723 2845 833 2898 mutam
1084 2844 1127 2895 111

118 2922 205 2983 bodie
229 2923 332 2984 dicunt
352 2923 506 2985 mulierem
528 2923 588 2984 ullo
612 2923 643 2983 in
666 2923 771 2984 saeclo.

119 3025 221 3068 verum
243 3008 308 3083 boc,
332 3009 430 3084 irater,
453 3013 546 3069 unum
568 3011 668 3069 tamen
692 3008 829 3086 cogitato,

118 3092 172 3153 tibi
195 3111 369 3172 proxumam
390 3111 438 3154 me
460 3093 591 3171 mihique
614 3111 678 3153 esse
701 3093 771 3152 item
792 3099 836 3166 te;

119 3177 158 3238 ita
180 3187 335 3257 aequomst
357 3177 436 3257 quod
458 3178 489 3239 in
511 3196 574 3238 rem
597 3195 660 3238 esse
681 3176 800 3255 utrique
822 3175 1000 3236 arbitremur

125 3347 171 3396 101
192 3360 271 3411 eapse
288 3346 401 3397 Bolbim
479 3347 527 3398 102
545 3359 670 3411 nusquam
687 3344 736 3395 BE
812 3342 874 3395 adiit
950 3344 991 3394 est
1008 3357 1059 3392 om.
1076 3340 1128 3393 Db*

56 3414 106 3465 104
121 3419 184 3478 post
199 3413 312 3479 pessulis
327 3419 397 3480 spat.
415 3430 472 3467 vac.
490 3414 538 3464 ΒΕ
624 3415 673 3464 105
691 3412 723 3463 ab
742 3412 791 3462 dat.
811 3412 929 3478 Guyeluc
1014 3412 1063 3462 106
1081 3410 1127 3463 sed

52 3480 150 3544 Locum]
169 3481 191 3532 si
209 3480 284 3532 ΗΒΕ
391 3485 438 3536 108
457 3495 575 3534 nummos
592 3479 654 3531 (licit
670 3480 802 3530 Asconius
817 3482 977 3545 personatus
994 3479 1031 3530 cd
1049 3480 1126 3531 Verr.

54 3547 115 3600 122
184 3551 228 3602 111
245 3549 299 3599 reri
313 3563 333 3600 s.
345 3565 397 3601 non
410 3555 450 3602 est
462 3550 575 3616 Pylades
644 3549 780 3599 homonem
792 3547 951 3613 Spengeliuc
1020 3548 1069 3598 112
1082 3549 1124 3613 qui

54 3615 129 3667 BDE
198 3618 247 3670 118
265 3616 383 3682 postidea
403 3618 580 3680 Camerarius]
598 3620 658 3682 post
675 3614 742 3667 idern
824 3617 872 3667 120
890 3613 1006 3666 Euroram
1023 3627 1126 3666 ravenna.

54 3697 204 3735 nnomonrs
223 3699 301 3735 snunx
318 3684 374 3751 BE,
393 3701 442 3739 om.
459 3687 485 3735 D
573 3685 620 3737 120
638 3699 680 3736 me
770 3685 826 3735 120.
845 3685 892 3737 121
912 3685 1051 3734 coniuncti

57 3753 104 3805 121
123 3752 189 3803 meai
207 3750 268 3803 fidei
287 3753 392 3820 tuaique
403 3752 519 3816 beisino]
537 3768 609 3805 meae
627 3750 688 3803 fidei
705 3753 815 3818 tuaeque
827 3752 940 3818 (tueque)
1008 3752 1044 3803 rei
1062 3751 1125 3802 haec

54 3819 149 3871 addita
166 3835 191 3872 c.
210 3820 226 3873 l.
248 3820 290 3872 rel
308 3821 358 3873 boc
376 3820 450 3873 ann
537 3823 585 3876 123
603 3819 638 3872 fal
656 3821 693 3871 13⁶
778 3820 827 3873 125
845 3819 909 3871 *nec
926 3817 1004 3871 ullam
1022 3835 1047 3886 p.
1065 3835 1084 3871 r.
1103 3834 1125 3870 e.

53 3890 161 3950 mutam]
180 3902 228 3940 neo
245 3892 342 3941 mutam
360 3905 385 3955 p.
403 3904 423 3942 r.
442 3889 520 3942 ullam
539 3905 561 3942 e.
633 3889 681 3941 126
699 3886 756 3939 *die
773 3886 862 3940 dicunt
878 3885 932 3939 ullo
949 3902 984 3939 m.
1001 3886 1055 3939 ullo
1073 3888 1089 3939 i.
1103 3901 1125 3937 s.

56 3956 106 4007 128
124 3969 182 4005 esse
200 3955 261 4008 item
279 3956 424 4020 Bentleius]
441 3957 504 4010 item
522 3971 579 4010 esse
676 3957 724 4009 120
742 3957 778 4008 ila
799 3954 995 4017 Toubmcnnus]
1012 3960 1041 4007 ut

106 4037 200 4080 Plautus
208 4037 227 4081 1.
908 4043 922 4090 ‘1
