2544 4364
621 152 740 207 anvm
1063 169 1103 219 11,
1114 172 1215 214 raa-xrs

186 329 274 408 proin
290 337 322 389 tu
337 327 423 389 istam
438 344 543 388 cenam
558 327 676 405 largire,
692 327 716 388 si
731 327 817 408 sapis,
834 325 1044 388 esurientibus.

186 413 279 474 Meno.
324 412 407 474 Haud
433 412 542 473 malum
568 412 637 472 huic
659 420 704 473 est
725 413 843 491 pondus
865 430 978 492 pugno.
1034 412 1097 474 Sos.
1126 414 1215 488 Perii,

490 515 608 577 pugnos
630 497 785 576 ponderat.

187 582 279 643 Mune.
325 582 402 653 Quid
417 582 442 643 si
457 601 512 661 ego
528 582 610 643 illum
624 581 739 642 tractim
755 591 884 662 tangam,
899 590 933 642 ut
947 578 1095 643 dormiat?
1151 584 1215 644 Sos.

493 666 672 728 Servaveris:

187 771 256 813 nam
272 753 428 814 continuas
442 751 495 813 has
509 751 564 812 tris
579 758 682 813 noetes
696 750 874 831 pervigilavi.
918 749 1012 812 Mune.
1038 751 1215 825 Pessumest,

187 837 312 899 lauimus
327 837 474 916 nequiter,
490 836 578 897 ferire
595 836 699 897 malam
716 836 791 896 male
806 835 892 897 diseit
905 853 1026 913 manus;
1172 846 1216 897 010

189 923 314 999 [malam]
331 923 385 983 alia
399 923 494 983 forma
508 940 573 983 esse
588 929 706 1001 oportet
721 939 808 1000 quem
825 928 867 995 tu,
883 940 994 1001 pugne,
1009 921 1151 1001 tetigeris.

188 1007 252 1067 Sos.
297 1007 360 1069 lllio
374 1007 463 1068 homo
477 1025 526 1066 me
541 1004 732 1086 interpolabit
746 1024 903 1083 meumque
919 1026 952 1068 os
966 1008 1059 1086 finget
1073 1007 1182 1067 denuo.

188 1091 282 1152 Mnno.
326 1092 502 1154 Exossatum
518 1110 552 1152 os
567 1110 630 1153 esse
646 1098 765 1171 oportet
779 1108 866 1168 quem
882 1090 975 1170 probe
990 1092 1183 1170 percusseris.

189 1175 253 1237 Sos.
298 1177 405 1238 Mirum
421 1177 453 1238 ni
467 1177 516 1238 hio
530 1194 579 1238 me
595 1177 677 1255 quasi
693 1192 847 1236 murenam
863 1194 998 1238 exossare
1013 1176 1130 1256 cogitat.

188 1260 267 1323 ultro
283 1262 381 1324 istunc
396 1261 447 1342 qui
463 1269 579 1322 exossat
593 1261 738 1323 homines.
768 1261 853 1340 perii,
869 1262 893 1322 si
909 1279 956 1322 me
971 1261 1127 1341 aspexerit.
1173 1269 1216 1320 ato

188 1345 282 1407 Mune.
315 1347 381 1409 Olet
403 1347 493 1408 homo
516 1346 633 1425 qnidam
653 1346 730 1407 malo
752 1365 816 1406 suo.
862 1346 926 1408 Sos.
957 1351 998 1423 el,
1021 1365 1093 1407 num
1115 1345 1216 1407 eiiam

494 1449 549 1509 ego
564 1429 686 1492 oboluit

188 1515 282 1577 linae.
326 1516 424 1596 Atque
443 1515 522 1577 haud
537 1516 625 1596 longe
644 1516 747 1578 abesse
762 1523 891 1594 oportet,
913 1534 1016 1579 verum
1036 1517 1124 1596 longe
1145 1515 1215 1576 hinc

493 1600 574 1661 aluit.
962 1660 964 1664 .

190 1684 254 1747 Sos.
298 1685 361 1746 lllio
375 1686 464 1746 homo
480 1685 722 1765 superstitiosust.
759 1685 853 1746 Mauo.
876 1685 1013 1748 Gestiunt
1026 1686 1120 1765 pugni
1134 1684 1216 1746 mihi.

191 1769 254 1831 Sos.
299 1770 330 1832 Si
351 1771 380 1832 in
403 1789 451 1832 me
472 1769 680 1844 exercituru's,
703 1788 812 1850 quaeso
828 1771 858 1832 in
874 1771 1016 1851 parietem
1038 1779 1071 1831 ut
1087 1770 1216 1851 primum

493 1856 604 1919 domes.

189 1938 282 2000 Mune.
326 1939 389 2000 Vox
409 1940 450 2001 mi
472 1939 506 1999 ad
529 1959 615 2001 aures
631 1939 780 2000 advolavit.
836 1939 901 2001 Sos.
930 1939 973 2002 Ne
995 1959 1050 2021 ego
1064 1940 1153 2001 homo
1169 1939 1217 2000 in-

495 2024 562 2084 felix
578 2024 629 2099 sui,
1174 2033 1218 2084 325

192 2107 243 2187 qui
258 2126 320 2168 non
336 2108 396 2169 alas
411 2109 569 2169 intervelli:
584 2109 735 2170 volucrem
749 2127 851 2169 vocem
867 2109 983 2189 gestito.

191 2192 284 2253 Mune.
321 2192 384 2254 lllio
398 2193 488 2254 homo
504 2211 520 2253 a
534 2212 582 2255 me
598 2192 653 2255 sibi
668 2195 774 2254 malam
790 2212 852 2255 rem
868 2195 990 2256 arcessit
1003 2193 1137 2255 iumento
1153 2211 1217 2254 suo.

192 2277 256 2337 Sos.
299 2277 366 2339 Non
383 2278 518 2357 equidem
534 2279 626 2340 ullum
641 2279 736 2341 habeo
751 2279 926 2340 iumentum.
963 2280 1056 2342 Murro.
1081 2276 1217 2339 Oneran-

494 2365 549 2425 dus
565 2372 609 2424 est
623 2364 731 2443 pugnis
745 2363 849 2442 probe.
1051 2442 1054 2446 .

191 2445 254 2509 Sos.
298 2447 406 2509 Lassus
427 2467 493 2509 sum
513 2449 612 2510 hercle
635 2468 651 2510 e
673 2449 754 2523 navi,
778 2456 811 2509 ut
831 2457 932 2511 vectus
951 2448 1010 2508 huo
1030 2466 1110 2509 sum:
1131 2446 1218 2506 etiam

495 2553 577 2595 nuno
592 2552 702 2596 nauseo
709 2552 718 2611 3

190 2615 236 2675 vix
252 2616 480 2696 incedo-inanis
496 2639 535 2680 ne
549 2619 593 2679 ire
608 2638 694 2698 posse
710 2637 777 2679 curn
794 2635 884 2679 onere
901 2617 1069 2678 existumes.
1174 2624 1218 2675 aad

192 2699 285 2760 Morio.
319 2700 405 2763 Certe
416 2704 494 2765 enim
507 2703 555 2763 hic
565 2704 666 2763 neseio
679 2703 745 2781 quis
756 2703 896 2780 loquitur.
940 2702 1005 2763 Sos.
1029 2702 1128 2763 Salvos
1142 2718 1216 2774 sum,

497 2806 558 2848 non
574 2804 621 2846 me
634 2787 721 2848 videt.
1108 2784 1112 2792 ’

192 2870 384 2950 nescioquem
398 2872 481 2951 loqui
496 2878 643 2933 autumat:
659 2871 730 2931 mihi
746 2879 827 2932 eerto
843 2889 952 2932 nomen
968 2871 1106 2932 Sosiaest.

192 2952 285 3015 Mane.
330 2955 407 3017 lline
419 2958 498 3018 enim
509 2957 580 3018 mihi
591 2976 647 3017 vox
659 2958 777 3017 dextera
788 2955 876 3032 auris,
891 2963 925 3016 ut
936 2956 1058 3031 videtur,
1074 2953 1217 3015 verberat.

192 3036 254 3102 Sos.
301 3041 399 3103 Metuo
421 3042 501 3104 vocis
522 3061 560 3103 ne
576 3042 669 3103 vicem
692 3041 778 3102 hodie
799 3040 847 3102 hic
866 3041 1017 3121 vapulem,
1040 3057 1115 3118 quae
1136 3039 1218 3100 huno

496 3127 640 3188 verberat.

236 3365 284 3414 315
302 3361 416 3414 *sueinus
435 3361 510 3415 codd.
579 3364 629 3415 316
648 3361 775 3425 *[0101000]
845 3359 895 3411 alia
913 3359 992 3411 forma
1012 3375 1041 3411 os
1059 3359 1221 3412 000010010-

149 3430 205 3477 rtur
298 3430 429 3496 oporetB
513 3444 599 3495 pugne
616 3430 738 3496 Pylades]
756 3443 842 3496 pugno
935 3427 1050 3493 tetigeris
1068 3428 1219 3492 lsaaingtue]

149 3494 242 3560 legeris
320 3500 369 3550 318
388 3513 417 3550 os
435 3512 486 3549 om.
503 3497 529 3548 D
606 3501 695 3549 ooret
713 3498 749 3549 Be
826 3497 876 3548 319
894 3510 926 3546 ne
943 3496 1018 3546 BDE
1088 3510 1220 3548 murenam

151 3561 193 3614 hie
212 3561 331 3630 (lugetur
426 3568 475 3618 320
493 3565 560 3617 istnc
579 3582 609 3618 eo
630 3566 662 3631 d.,
680 3580 751 3616 oorr.
768 3564 859 3615 Domo
955 3566 1003 3618 321
1023 3562 1099 3616 *num
1117 3563 1140 3614 ei
1158 3563 1219 3628 iam]

150 3645 288 3696 numquam
300 3631 685 3700 B¹E,nunquamB,numnam
698 3632 733 3683 13²
802 3646 850 3697 ego
864 3631 951 3682 00οΕ
1019 3635 1069 3685 322
1082 3633 1123 3684 hic
1134 3632 1221 3684 B¹DE

235 3700 285 3752 323
304 3700 409 3765 gestivit
427 3701 512 3752 B¹DE
590 3703 639 3754 324
656 3705 686 3752 ut
702 3699 820 3765 primum]
839 3699 908 3766 prius
926 3699 1031 3750 Nonius
1108 3701 1157 3752 325
1177 3700 1221 3752 ad·

150 3765 250 3818 volabit
266 3769 315 3819 BD
402 3771 451 3821 329
468 3773 545 3832 nune]
562 3784 612 3821 non
631 3769 656 3819 E
724 3769 774 3820 332
792 3767 858 3820 sosia
878 3770 917 3819 est
935 3768 1019 3828 codd,
1038 3769 1221 3820 0000310010-

151 3835 254 3886 0300οω
340 3839 390 3889 333
407 3835 510 3890 dextera
528 3852 579 3889 vox
598 3837 681 3899 codd„
700 3852 770 3889 corr.
791 3834 909 3902 (lugetur
959 3836 1117 3888 13340100
1135 3836 1220 3903 codd,

151 3916 219 3956 corr.
238 3905 361 3969 Scaliger
