2544 4364
65 183 241 236 unimam
528 168 682 224 ASINARIA
1098 176 1137 237 67

64 340 158 404 Leon.
185 339 313 415 Quaeso,
326 357 420 419 aequo
432 340 531 426 animo
543 342 661 422 patitor.
706 344 768 404 Lm.
791 344 902 406 Patitor
912 355 944 407 tu
955 348 1035 424 item,
1048 367 1139 429 quom

297 422 301 432 “
422 443 477 504 ego
494 435 522 488 te
537 427 683 489 releriam.
1095 445 1140 496 375

65 507 157 569 Lnou.
187 508 259 569 Dico
275 516 309 570 ut
323 518 409 571 usust
422 511 497 572 fieri.
541 512 602 573 Lm.
632 512 704 575 Dico
720 515 819 575 hercle
835 532 890 594 ego
903 533 1022 595 quoque
1034 525 1068 579 ut
1078 518 1138 580 lac·

420 603 506 657 turus
522 615 597 657 sum.

64 676 156 741 Lucu.
185 677 228 740 Ne
243 697 328 756 nega.
373 680 436 740 Lm.
466 680 546 751 Quin
568 683 723 761 promitto,
745 684 882 762 inquam,
907 685 1017 747 hostire
1033 696 1137 749 contra

419 772 453 826 ut
467 767 621 828 merueris.

63 847 155 908 Lnou.
186 847 247 927 Ego
264 847 347 924 abeo,
363 856 396 910 tu
411 849 477 924 iam,
493 851 563 923 scio,
579 851 701 931 patiere.
728 853 779 914 sed
795 853 861 931 quis
876 853 923 915 bic
940 852 1006 917 est?
1020 856 1045 917 is
1061 864 1114 930 est,

61 933 140 994 illest
154 932 245 1012 ipsus.
274 934 331 994 iam
347 952 402 1012 ego
418 953 540 996 recurro
556 936 624 997 buc.
655 945 687 999 tu
703 938 785 999 bunc
799 937 913 1000 interea
931 940 979 1000 bic
993 948 1073 1001 tene.

62 1017 128 1078 volo
139 1018 203 1079 seni
212 1036 341 1080 narrare.
365 1019 428 1080 Lm.
445 1019 523 1090 Quin
531 1029 613 1082 tuom
621 1021 752 1083 officium
761 1023 832 1084 sacis
844 1042 915 1104 ergo
924 1043 958 1085 ac
968 1024 1068 1104 iugis?
1092 1035 1138 1087 980

351 1206 603 1269 MERCATOR
643 1209 839 1271 LlBANVS
1066 1212 1157 1289 113,

61 1325 156 1387 blane.
187 1325 223 1386 Vt
237 1325 454 1387 dmonstratae
469 1334 540 1388 sunt
554 1327 634 1402 mibi,
650 1329 738 1389 basce
754 1328 833 1390 aedis
849 1347 913 1391 esse
929 1339 1056 1410 oportet,

61 1411 257 1472 Demaenetus
272 1411 324 1472 ubi
340 1411 447 1472 dicitur
461 1411 603 1472 habitare.
634 1412 653 1486 i,
668 1431 769 1491 puere‚
785 1413 866 1493 pulta

60 1504 149 1574 atquo
164 1496 322 1558 atriensem
338 1496 488 1572 Sauream,
503 1497 556 1559 sist
570 1496 659 1570 intus,
676 1505 796 1559 evocato
812 1499 880 1559 buc.

61 1580 124 1641 Lm.
155 1580 227 1651 Quis
244 1591 359 1644 nostras
374 1582 416 1644 sic
433 1581 542 1661 frangit
557 1579 656 1644 loresl
681 1584 753 1657 obe,
769 1583 900 1662 inquam,
916 1581 940 1644 si
956 1581 1027 1661 quid
1042 1582 1134 1645 audis.

59 1665 154 1727 Mune.
184 1666 276 1728 Nemo
299 1668 385 1729 etiam
400 1667 510 1747 tetigit,
531 1685 627 1728 sanun
643 1666 697 1728 es‘l
741 1668 804 1729 Lm.
834 1669 872 1728 dt
892 1667 1052 1729 censebam
1067 1668 1136 1730 atti·

416 1751 494 1830 gissc
1091 1763 1135 1814 385

59 1844 227 1917 propterea,
243 1837 301 1897 huc
317 1837 385 1915 quia
399 1835 529 1898 habebas
543 1836 609 1897 iter.
628 1837 710 1897 nolo
727 1855 781 1915 ego
797 1837 876 1897 lores
892 1854 1049 1898 conservas

59 1940 139 1984 meas
153 1940 170 1982 a
185 1930 214 1982 te
228 1922 420 1983 verberarier.
446 1939 517 1982 sane
532 1939 587 2000 ego
603 1941 670 1983 sum
685 1921 797 1982 amicus
812 1921 931 1982 nostris.

58 2007 155 2068 Mune.
185 2006 239 2067 Pol
253 2007 332 2068 haud
346 2006 528 2086 periclumst,
544 2007 680 2068 cardines
696 2026 734 2068 ne
751 2005 866 2067 loribus
882 2007 1103 2087 exsraogantur,

58 2093 83 2155 si
98 2093 172 2155 istoc
188 2092 322 2171 exemplo
339 2092 477 2153 omnibus
492 2093 544 2169 qui
559 2100 708 2170 quaerunt
722 2090 925 2171 respondebis.

57 2178 121 2239 Lm.
150 2179 193 2238 lta
207 2178 280 2238 baec
296 2186 437 2239 moratast
451 2176 552 2237 ianua:
569 2178 716 2258 extemplo
731 2177 889 2238 ianitorem
1088 2185 1132 2236 390

58 2264 174 2338 clamat,
189 2263 294 2343 procul
309 2262 334 2324 si
349 2281 438 2341 quem
450 2262 527 2322 videt
541 2262 585 2322 ire
600 2262 636 2322 ad
651 2281 683 2324 sc
699 2261 899 2323 calcitronem.

58 2348 110 2411 sed
126 2349 195 2428 quid
209 2345 314 2409 venis‘l
336 2348 405 2426 quid
421 2344 591 2425 quaeritas?
635 2347 730 2409 Mune.
761 2347 973 2407 Demaenetum
988 2344 1129 2405 volebam.

59 2435 122 2495 Lm.
152 2433 182 2496 Si
197 2434 236 2495 sit
250 2432 338 2507 domi,
354 2433 449 2494 dicam
465 2431 527 2493 tibi.
572 2431 665 2493 Mune.
696 2430 773 2503 Quid
790 2431 853 2491 eius
868 2426 1028 2490 atriensis?

58 2519 121 2581 Lm.
150 2519 247 2581 Nihilo
264 2536 346 2598 mage
367 2518 448 2579 intus
463 2525 515 2579 est.
560 2516 652 2579 blnnc.
675 2512 781 2578 Vbist?
825 2514 888 2574 Lm.
919 2514 963 2574 Ad
978 2521 1131 2574 tonsorem

414 2603 458 2663 ire
473 2601 554 2662 dixit.

59 2690 153 2754 Mune.
184 2689 324 2753 Conveni.
355 2688 406 2750 sed
427 2699 496 2771 post
517 2709 580 2751 non
601 2685 699 2749 redit?
742 2687 804 2748 Lm.
833 2685 900 2745 Non
917 2681 1031 2762 edepol.
1060 2680 1130 2761 quid

416 2774 554 2838 volebas?
1088 2775 1130 2826 395

59 2862 154 2923 Mune.
184 2860 307 2940 Argenti
322 2862 425 2942 viginti
441 2862 544 2936 minas,
559 2861 583 2923 si
599 2859 723 2934 adesset,
739 2856 909 2936 accepisset.

57 2947 122 3007 Lm.
150 2946 207 3018 Qui
222 2966 278 3028 pro
299 2946 399 3010 istuc‘l
442 2948 537 3008 Mune.
567 2945 674 3007 Asinos
693 2942 824 3005 vendidit
837 2940 953 3003 Pellaeo
976 2937 1140 3002 mercatori

57 3040 201 3094 mercatu.
245 3032 308 3092 Lm.
335 3033 413 3093 Scio.
438 3040 471 3093 tu
486 3031 516 3093 id
531 3050 613 3092 nunc
627 3027 742 3092 reicrs‘.l
757 3029 814 3088 iam
828 3028 876 3088 hic
892 3026 981 3090 credo
998 3043 1067 3088 eum
1081 3024 1145 3086 ad·-

415 3118 558 3178 futurum.

145 3316 195 3366 376
212 3317 287 3366 usust
303 3315 459 3379 Lambinus]
476 3331 555 3381 ususv
617 3318 665 3368 377
684 3329 784 3380 negega
802 3314 847 3379 Ba,
866 3328 932 3379 nega
948 3313 973 3363 li
1047 3309 1145 3361 memi-n

57 3381 129 3434 neris
147 3381 254 3433 Nonius
357 3386 405 3436 379
423 3385 492 3435 bunc
510 3383 552 3435 bic
569 3382 586 3435 i.
605 3386 623 3433 t.
642 3383 766 3445 Botulus,
783 3381 867 3434 *bunc
884 3383 902 3432 i.
920 3382 945 3433 b.
964 3379 1050 3431 detine

57 3451 109 3502 380
128 3449 254 3501 90131313ι
317 3451 366 3503 hac
385 3452 469 3515 codd,
488 3452 686 3516 corr.l²yloder
755 3451 803 3502 381
823 3450 1045 3501 Lmuurssnavrs.
1072 3461 1144 3498 uun·-

57 3531 140 3568 curoa
159 3519 328 3580 (nmnuuuron.
347 3534 370 3571 c.
388 3521 421 3584 E)
439 3520 495 3584 Bu,
513 3535 563 3570 om.
582 3518 608 3567 Ι)
706 3519 755 3570 385
774 3532 885 3569 sanusne
972 3519 1021 3570 387
1041 3515 1142 3567 nostris-

59 3585 226 3648 Gulielmiuo]
245 3588 339 3638 nostris
358 3587 466 3638 aedibus
536 3588 585 3639 388
604 3585 769 3650 elraogantur
780 3585 824 3648 B¹,
843 3584 1083 3650 elomentorum,
1098 3582 1141 3633 el*

56 3652 201 3719 fdugantur
218 3654 243 3703 Ε
329 3657 378 3707 389
398 3654 515 3721 exemplo
534 3654 719 3715 Londioenris]
738 3653 868 3717 extemplo
886 3653 981 3715 BBEl
1000 3648 1138 3720 exemplod

56 3719 218 3772 llitsadcliua
303 3724 353 3776 390
371 3727 497 3774 remorata
517 3725 557 3774 est
573 3722 609 3772 B¹
627 3726 660 3772 ut
675 3721 728 3772 vid.
819 3722 867 3773 391
887 3736 945 3772 sese
963 3721 1068 3772 Nonius

57 3791 107 3842 392
127 3789 325 3841 demeuetamb'
385 3793 433 3845 393
452 3790 529 3841 fitB¹
591 3791 642 3841 394
659 3803 735 3853 mago
752 3788 799 3852 Ba,
816 3788 950 3852 magisD¹
1013 3792 1062 3843 395
1076 3807 1134 3843 cum

54 3857 173 3908 venisset
191 3856 274 3921 codd,
293 3873 363 3911 corr.
382 3859 525 3923 Vrsingioc
610 3856 688 3908 rediit
705 3855 894 3922 (remipedes.)
982 3858 1030 3910 397
1048 3859 1133 3925 pelleo

55 3926 107 3978 398
126 3937 186 3975 eum
204 3938 254 3976 om.
272 3926 298 3975 D

895 4005 929 4060 5*
