2544 4364
100 568 138 616 Vll

92 689 141 736 Vlll

113 811 141 855 tx

151 179 211 240 130
627 179 746 233 Ptttrt

152 363 263 434 petrae,
280 356 391 416 terrum
407 351 457 413 ubi
474 352 514 414 lit.
545 355 584 429 [::
600 352 716 414 cuiatist
731 349 868 428 anrabo‘l]

153 459 178 500 :a
195 437 419 499 Praenestinum
435 437 526 516 opino
543 455 616 511 esse,
632 437 671 499 ita
686 445 749 497 erat
763 436 917 515 gloriosus.

458 556 534 617 sicut
548 556 623 617 lacte
638 555 720 617 lactis
735 554 851 616 similist

220 678 324 738 Binan.
411 675 458 736 illa
473 675 531 736 mei
547 674 732 754 cognominis
751 670 756 754 Ι
777 673 832 734 luit

219 793 386 856 convorrite
402 793 501 871 [aedis]
517 793 624 873 scopis,
639 792 716 871 agite
730 799 861 852 strenue.

711 875 813 955 ecquis
828 880 930 935 evocat

217 980 283 1023 oum
300 961 464 1023 nassiterna
481 970 592 1022 etcum
609 977 684 1039 aqua
700 959 788 1021 istum
804 955 1070 1039 impurissumuml
1202 968 1229 1020 it

220 1100 257 1142 ne
273 1098 289 1140 a
305 1097 453 1159 quoquam
470 1079 620 1157 acciperes
635 1078 690 1139 alio
706 1078 870 1139 mercedem
886 1094 1014 1137 annuam

157 1248 160 1272 1
219 1165 274 1227 nisi
291 1164 327 1225 ab
343 1169 407 1227 sese
422 1182 478 1224 nec
493 1182 561 1224 cum
577 1163 717 1242 quiquam
733 1162 851 1224 limares
866 1169 964 1241 caput.

645 1282 763 1344 limaces
777 1280 831 1342 viri

218 1402 263 1464 sin
280 1401 460 1463 lenocinium
477 1402 552 1462 lorte
568 1400 780 1462 oonlubitumst
795 1398 858 1469 tibi,

219 1487 317 1548 videas
331 1485 477 1548 mercedis
493 1485 562 1563 quid
578 1485 660 1546 tibist
674 1502 777 1545 accunt
793 1483 864 1556 dart,

219 1589 257 1631 ne
271 1571 343 1632 istac
358 1578 451 1631 aetate
465 1588 512 1630 mc
526 1578 640 1631 sectere
654 1568 763 1648 gratiis.

223 1706 290 1749 nam
306 1689 394 1750 credo
410 1687 500 1750 cuivis
516 1695 671 1748 excantare
685 1704 739 1749 cor
752 1694 847 1766 potes.

463 1813 516 1868 cor
530 1824 639 1879 meum,
653 1810 721 1885 spes
735 1824 809 1878 mea,

220 1892 276 1952 mel
291 1909 399 1966 meum,
415 1891 577 1966 suavitudo,
593 1889 685 1963 cibus,
701 1890 840 1970 gaudium

219 2008 284 2070 sine
298 2017 328 2069 te
343 2025 435 2068 amem
1199 2014 1229 2064 tt

767 2123 908 2204 quidquid
925 2132 969 2186 est
981 2141 1091 2186 nomen
1107 2123 1164 2186 sibi

227 2297 257 2348 13
275 2293 311 2345 ibi
324 2293 398 2346 Sero.
411 2292 512 2356 [cuiatis
524 2291 571 2343 tibi
583 2291 691 2356 visust‘l]
703 2291 862 2343 llitsclaclius
923 2295 955 2344 14
972 2291 1063 2358 opinor
1075 2292 1158 2343 Prisc.

156 2366 221 2415 errat
238 2361 344 2414 Nonius
414 2359 455 2412 Vll
472 2362 574 2411 hobus
592 2361 661 2411 catis.
681 2359 722 2411 W
736 2359 789 2410 7K.
808 2359 893 2423 (lacte)
911 2360 1050 2424 Pompeius
1067 2359 1094 2410 V
1104 2359 1153 2412 199
1174 2358 1227 2410 Cle·

156 2432 252 2482 domtus
272 2430 300 2482 V
311 2429 346 2482 48
367 2427 471 2480 Marius
492 2429 531 2479 Pl.
556 2427 597 2479 VI
611 2427 662 2479 472
763 2427 831 2479 lacte
853 2426 928 2478 lactis
952 2428 1040 2493 Pomp.
1066 2425 1135 2478 dieat
1157 2425 1227 2480 Mos.

157 2500 237 2549 Prodi
253 2513 312 2550 ecc.
328 2499 399 2562 pan]
418 2496 485 2547 lacte
502 2495 563 2546 lacti
581 2497 663 2546 Prodi
679 2495 754 2557 Boo„
772 2495 861 2560 Parnp.
879 2492 965 2561 Neap.
1063 2492 1175 2557 similist]
1194 2493 1227 2545 si·

157 2565 217 2617 mile
235 2570 275 2616 est
293 2565 381 2630 Proh„
398 2563 481 2616 simile
494 2563 593 2628 Pomp„
611 2577 661 2614 om.
674 2562 732 2614 reli.
801 2562 883 2629 *quae
901 2562 968 2614 sicut
985 2561 1052 2614 lacte
1064 2561 1140 2613 lactis
1157 2561 1228 2614 siml-

157 2632 189 2684 lis
207 2634 247 2685 est
266 2631 301 2683 tui
389 2629 442 2682 Vlll
460 2630 570 2682 Servius
587 2630 652 2682 Aen.
671 2630 696 2696 6,
707 2629 759 2682 383
775 2623 846 2680 ‘iacit
868 2629 909 2680 liic
933 2634 959 2682 et
977 2629 1041 2682 haec
1059 2627 1226 2695 cognominis.

157 2713 215 2751 narn
234 2700 260 2750 ln
277 2697 371 2750 Plauto
388 2698 484 2750 lectum
503 2702 543 2750 est
560 2713 617 2749 cuna
635 2712 685 2749 una
703 2696 736 2749 de
748 2695 917 2749 Bacchidibus
935 2696 1042 2750 diceret:
1061 2696 1104 2748 ills
1116 2688 1157 2734 -'

157 2767 208 2819 mei
225 2768 253 2832 (i.
272 2783 293 2817 e.
311 2766 356 2828 mi)
374 2766 494 2817 Florian
514 2765 618 2828 Caesel.)
636 2779 691 2816 mea
710 2764 768 2817 rell.
837 2762 870 2815 lll
888 2767 1037 2831 composuit
1053 2763 1228 2816 llitsclecliass:

160 2836 189 2888 18
209 2834 347 2886 Charisius
363 2833 414 2886 219
430 2833 553 2897 (suenus)
622 2831 711 2895 [aedis]
729 2831 888 2884 llitsclselius
967 2835 1006 2887 19.
1020 2835 1052 2885 20
1069 2832 1167 2884 aestus
1179 2831 1229 2883 169

157 2902 319 2966 (nassiterna)
396 2899 460 2951 liaeo
477 2900 535 2967 quis
612 2902 752 2951 antecessit
768 2914 864 2952 nomen
880 2903 952 2951 servi
968 2900 1047 2965 (exito
1065 2899 1157 2952 danos.
1185 2899 1228 2951 ubi

157 2969 180 3020 is
197 2970 254 3021 esti
273 2967 361 3034 ecquis
378 2970 470 3019 evocat
482 2984 502 3020 e.
516 2984 540 3033 q.
552 2969 583 3030 s.)
653 2966 682 3019 ll.
701 2965 733 3018 lll
751 2966 857 3018 Nonius
873 2966 925 3020 334
941 2966 980 3021 Pl.
999 2967 1028 3022 B.
1046 2968 1151 3020 limaces
1170 2965 1227 3031 viri,

157 3035 227 3156 guod
246 3037 357 3088 atterant
374 3038 401 3087 et
418 3037 576 3087 consumant.
605 3033 694 3087 limare
712 3034 787 3086 etiam
802 3033 893 3087 dieitur
904 3035 1070 3103 coniungere:
1087 3032 1126 3086 Pl.
1136 3032 1166 3085 B.
1177 3032 1226 3099 (ll)

181 3105 271 3156 acedia
288 3103 374 3155 altera
393 3117 453 3154 cum
469 3103 621 3169 pedisequo,
638 3105 657 3155 i.
670 3120 691 3155 c.
705 3117 791 3169 puero
804 3102 882 3168 (577),
899 3105 1001 3155 sorore's
1019 3103 1096 3154 aedes
1113 3104 1228 3168 quanin

156 3188 225 3239 puer
240 3171 408 3238 impudentes·
425 3173 454 3222 in
466 3173 622 3222 maneriam
638 3171 682 3222 illi
692 3176 802 3223 reuocat
811 3171 981 3222 condiciones
993 3186 1053 3223 cum
1065 3171 1149 3222 milite
1164 3183 1229 3236 pac·

159 3245 200 3290 ias
287 3242 317 3292 21
337 3253 427 3291 aecum
446 3253 575 3306 quoquam
593 3238 723 3305 acceperis
741 3238 825 3304 codd,
844 3255 914 3291 corr.
932 3238 1069 3291 Merccrus
1163 3236 1229 3289 salio

159 3309 220 3360 Par.
290 3309 323 3359 22
340 3306 390 3358 nisi
408 3306 498 3358 abesse
511 3308 586 3371 ran,
604 3306 675 3359 missi
693 3306 783 3358 abasse
800 3305 874 3357 llari
943 3307 1079 3375 quicquam
1098 3306 1160 3359 Par.

158 3374 202 3426 llll
221 3375 358 3427 Charinus
374 3373 425 3426 200
505 3375 612 3425 videtur
627 3373 718 3440 puelia
734 3389 848 3440 puerum
865 3374 1041 3441 compellare,-
1059 3374 1230 3436 lenocinium,

158 3442 215 3494 scil.
233 3446 265 3492 ni
281 3457 376 3493 carnes
393 3456 453 3493 cum
470 3442 555 3492 milite
572 3444 658 3508 ipsam
675 3440 814 3505 concilici;
836 3442 981 3493 mercedem
998 3442 1097 3494 malam
1114 3455 1173 3491 nm
1191 3439 1231 3490 at·

159 3510 212 3571 cii,·
228 3511 331 3561 isiaci.
350 3526 372 3560 c.
389 3508 497 3560 tantilla
515 3513 602 3561 aetate
668 3508 722 3560 lllll
740 3507 845 3560 Nonius
860 3509 910 3562 102
926 3511 1081 3575 (excantare)
1098 3512 1230 3574 utsupra

158 3579 212 3627 nisi
229 3577 302 3642 quod
315 3578 424 3642 praebet
441 3581 527 3643 potest
596 3576 704 3628 Seruius
723 3576 806 3629 bucol.
816 3577 841 3642 8,
851 3577 883 3628 71
901 3591 960 3629 nam
978 3580 1006 3629 tu
1024 3576 1126 3645 quidem
1144 3575 1229 3627 cultis

159 3648 294 3696 excantare
312 3658 355 3696 cor
373 3643 447 3696 iacile
484 3648 540 3696 otes
620 3643 677 3695 lllV
694 3643 799 3696 Nonius
818 3644 867 3696 173
885 3644 1040 3710 (suavitudo)
1117 3643 1232 3694 Bacclu's

158 3659 618 3831 ÷a⁰2ca⁰atrt‘r²ll²·r0ttn
642 3710 994 3844 (testudinis
1008 3709 1233 3831 (rauce

158 3846 354 3899 Dan.Aen.1O
372 3847 424 3899 493
440 3840 573 3913 ‘quidquid
592 3861 638 3913 pro
657 3845 843 3915 quodcumque.
870 3845 947 3900 Pl.in
962 3842 996 3900 Β]
1068 3847 1183 3898 Bacchis
1200 3846 1233 3897 de

158 3912 244 3964 milite
261 3919 292 3965 nt
308 3885 417 3966 ciricius·
486 3918 525 3966 est
542 3927 634 3965 nomen
653 3918 693 3966 est
710 3913 791 3967 aen.
811 3913 833 3966 G
