2544 4364
113 175 155 237 70
590 174 710 228 PLAVTI
1051 191 1191 243 ucenae

115 347 267 409 conticuit.
299 365 380 408 nunc
395 347 498 408 adeam
514 354 707 426 optumumst,
722 345 895 425 priusquam
911 345 1017 425 incipit
1030 347 1155 409 tiumre.

113 451 200 512 quam
216 451 284 493 mor
295 432 336 492 mi
348 450 466 511 operam
480 429 552 493 das?
595 431 686 492 Lucu.
709 431 812 506 Ehem,
825 437 955 510 optume.
976 432 1188 510 quamdudum

469 525 502 577 tu
517 514 682 577 advenisti?

113 620 175 662 non
190 601 289 662 hercle
304 609 333 662 te
348 601 550 680 provideram;
566 619 686 679 quaeso,
702 619 740 661 ne
754 600 824 660 vitio
840 608 938 662 rortas
947 619 956 677 ;
1145 612 1191 664 459

112 686 152 747 ita
166 686 318 747 iracundia
334 685 447 748 obstitit
462 686 565 747 oculis.
609 686 704 747 Mnnc.
734 685 800 746 Non
816 685 924 747 mirum
947 687 1096 747 factumst.

112 772 162 832 sed
179 771 203 832 si
218 770 341 844 domist,
363 772 577 832 Demaenetum
591 769 736 831 volebam.
780 770 871 831 Lucu.
901 770 995 848 Negat
1016 788 1081 832 esse
1096 770 1189 834 intus.

112 873 215 918 rerum
230 856 306 917 istuc
322 864 478 935 argentum
494 865 593 916 tamen
610 855 681 915 mihi
696 855 721 916 si
735 855 779 916 ris
793 856 998 929 denumerare,

111 941 315 1021 repromittam
331 941 405 1002 istoc
421 941 544 1000 nomine
559 939 685 1001 solutam
701 958 764 1000 rem
780 941 918 1000 futuram.

104 1025 208 1087 Mune.
239 1025 287 1086 Sic
303 1026 411 1104 potius,
427 1033 460 1086 ut
475 1024 653 1085 Itemaeneto
669 1024 723 1085 tibi
735 1043 787 1086 ero
802 1035 958 1104 praesente
971 1024 1101 1086 reddam.
1143 1034 1189 1086 455

111 1109 173 1170 Lrn.
204 1109 282 1171 Erus
296 1110 394 1171 istunc
411 1109 492 1170 novit
506 1117 594 1187 atque
610 1127 693 1170 erum
710 1109 767 1170 hic.
811 1109 905 1170 Mnnc.
935 1108 996 1169 Ero
1015 1109 1084 1170 huic
1100 1127 1188 1188 prae-

467 1202 552 1255 sente
568 1193 696 1255 reddam.
758 1270 760 1274 Ι

111 1278 173 1339 Lm.
205 1277 247 1339 na
262 1279 350 1340 modo
366 1297 433 1339 mec
447 1278 593 1358 periculo,
609 1297 673 1339 rem
688 1278 794 1340 salvam
810 1297 865 1358 ego
881 1276 1044 1352 exhibeb03

110 1381 180 1423 nam
195 1363 220 1424 si
235 1363 308 1424 sciat
323 1372 426 1424 noster
441 1381 532 1424 senex
547 1363 634 1424 fidem
651 1383 713 1424 non
729 1382 794 1424 esse
809 1363 879 1423 huic
894 1362 1033 1436 habitam,

110 1456 291 1523 suscenseat,
307 1449 405 1527 quoiei
421 1449 555 1509 omnium
571 1466 671 1509 rerum
687 1449 769 1528 ipsus
784 1466 902 1526 semper
917 1447 1020 1509 credit.

110 1532 201 1594 Lnou.
231 1534 297 1594 Non
309 1532 530 1613 magnipendo.
558 1551 597 1593 ne
608 1533 681 1608 duit,
693 1533 718 1594 si
731 1551 792 1594 non
805 1533 874 1593 volt.
900 1532 942 1594 sic
955 1532 1019 1594 sine
1031 1538 1115 1592 astet
1144 1541 1190 1593 499

110 1616 173 1678 Lrn.
204 1619 256 1693 Da,
272 1618 403 1696 inquam.
433 1617 498 1692 vah,
513 1618 640 1679 formido
655 1619 761 1693 miser,
778 1638 817 1679 ne
832 1618 880 1678 hic
895 1635 943 1678 me
957 1617 1011 1678 tibi
1026 1616 1189 1680 arbitretur

110 1703 245 1778 suasisse,
261 1702 317 1764 sibi
333 1721 371 1763 ne
387 1702 533 1763 crederes.
564 1703 609 1776 da,
631 1722 752 1782 quaeso,
766 1721 800 1764 ac
815 1721 855 1764 ne
870 1702 1011 1764 formida:

109 1787 218 1849 salvom
235 1787 335 1848 hercle
351 1788 415 1849 erit.
459 1787 555 1848 Mnnc.
586 1787 707 1849 Credam
729 1790 809 1862 fore,
832 1788 902 1849 dum
923 1787 1042 1867 quidem
1057 1786 1140 1866 ipsus
1155 1787 1187 1849 in

467 1891 558 1934 manu
573 1873 679 1935 habeo.

108 1956 287 2035 peregrinus
302 1976 357 2036 ego
374 1976 449 2032 sum,
466 1957 607 2018 Sauream
624 1977 686 2019 non
701 1958 780 2018 novi.
824 1955 887 2017 Lm.
912 1956 950 2016 At
965 1973 1056 2018 nosce
1071 1973 1154 2017 sane.

108 2040 203 2101 Msnc.
228 2042 280 2116 Sit,
294 2041 415 2115 nonsit,
429 2061 490 2102 non
499 2042 603 2121 edepol
616 2043 687 2104 scio.
706 2043 730 2104 si
742 2044 767 2103 is
775 2049 828 2117 est,
838 2061 906 2102 eum
914 2060 978 2103 esse
991 2049 1119 2120 oportet.
1143 2051 1189 2103 4oe

109 2144 165 2204 ego
182 2134 263 2186 certe
278 2144 326 2187 me
341 2127 456 2187 incerto
473 2126 534 2187 scio
550 2127 607 2187 hoc
622 2127 761 2188 daturum
777 2126 890 2188 nemini
908 2125 1032 2187 homini.

112 2210 204 2272 Lnon.
234 2211 342 2272 Hercle
357 2211 446 2272 istum
463 2211 491 2271 di
508 2229 611 2272 omnes
626 2212 779 2291 perduint,
796 2210 887 2272 verbo
903 2230 971 2272 care
986 2209 1188 2290 supplicassis.

111 2296 192 2357 seror
210 2304 254 2357 est
271 2296 373 2374 viginti
388 2296 484 2357 minas
498 2314 580 2357 meas
595 2304 723 2358 tractare
739 2315 812 2358 sese.

110 2399 199 2441 nemo
214 2381 331 2461 accipit,
347 2382 474 2442 auferte
489 2382 621 2456 domum,
636 2383 760 2444 abscede
776 2381 855 2456 hinc,
871 2380 1013 2442 molestus
1027 2398 1066 2440 ne
1082 2379 1132 2441 sis.

109 2465 204 2528 Mune.
234 2466 327 2528 Nimis
341 2467 492 2527 iracunde.
525 2485 586 2526 non
602 2467 687 2529 decet
701 2467 865 2547 superbum
880 2484 945 2527 esse
955 2464 1107 2526 hominem
1123 2482 1187 2527 ser-

468 2570 543 2612 vom.
1142 2559 1189 2612 479

110 2633 201 2695 Lucu.
228 2634 304 2695 Malo
320 2636 420 2696 hercle
436 2636 493 2697 iam
509 2654 618 2715 magno
634 2644 695 2710 tuo,
712 2636 743 2696 ni
759 2636 806 2698 isti
823 2653 879 2696 nec
894 2644 975 2695 recte
991 2634 1072 2696 dicis.

111 2717 174 2778 Lrn.
205 2717 334 2798 Impure,
351 2721 444 2794 nihili,
460 2739 521 2781 non
537 2720 618 2781 vides
633 2719 741 2782 irasci?
784 2721 876 2781 Lnou.
907 2720 1000 2800 Perge
1016 2736 1117 2798 porro.

110 2802 173 2863 Lrn.
204 2802 359 2882 Flagitium
381 2805 525 2877 hominis,
548 2804 599 2879 da,
622 2804 762 2879 obsecro,
784 2813 939 2885 argentum
956 2806 1034 2878 huic,
1055 2822 1093 2864 ne
1108 2803 1187 2865 male

467 2888 615 2966 loquatur.

110 2970 204 3031 Meno.
235 2972 343 3032 Malum
359 2973 459 3033 hercle
473 2972 557 3034 vobis
579 2973 728 3051 quaeritis.
772 2974 862 3035 Lnou.
897 2973 989 3035 Crura
1011 2972 1113 3034 hercle
1128 2972 1187 3033 dit-

466 3058 645 3138 fringentur,
1187 3128 1190 3135 ¹

110 3139 143 3201 ni
157 3140 246 3202 istum
259 3141 431 3222 inpudicum
442 3143 566 3222 percies.
601 3143 664 3204 Lrn.
683 3142 761 3204 Perii
772 3144 881 3204 hercle.
897 3161 950 3223 age
962 3141 1111 3223 inpudice,
1143 3152 1188 3203 tro

196 3382 245 3432 449
264 3378 310 3431 das
328 3378 363 3430 mi
381 3394 423 3445 op.
441 3377 488 3430 nd
591 3382 642 3433 456
660 3380 714 3445 ero]
737 3379 799 3431 hero
817 3378 854 3430 Ε8
872 3378 977 3443 Load.²,
1000 3379 1060 3430 here
1078 3376 1188 3442 ΗΜΛ,

110 3458 160 3509 ego
177 3446 262 3496 171)Ιίί
331 3450 494 3513 praesentem
505 3448 550 3513 ΕΙ,
569 3453 703 3513 praesente
722 3452 748 3498 te
760 3447 802 3513 13²,
821 3450 956 3512 praesente
975 3462 1035 3497 cum
1046 3445 1115 3498 2-3
1133 3445 1186 3497 tau.

109 3517 177 3578 spat.
195 3513 221 3562 D
300 3517 349 3567 457
368 3514 465 3582 periclo
543 3518 593 3568 458
611 3514 688 3567 finem
706 3514 742 3565 B¹
820 3517 869 3567 459
889 3515 942 3567 suis
960 3518 1064 3567 censeat
1080 3513 1118 3564 Ba

110 3581 171 3647 quoi
189 3581 277 3677 disyld
296 3582 351 3644 nd]
370 3583 414 3662 qni
493 3583 576 3649 ipsius
593 3583 659 3681 ΕΙ2
713 3581 794 3703 cfflt
814 3583 999 3702 ecfernffisiuffi
1012 3580 1119 3702 credgdeig
1136 3647 1187 3701 hoc

109 3651 160 3768 3211.
178 3650 266 3767 ῗῑὴξιί
281 3652 363 3770 cdefg
381 3665 454 3771 1ρὲἓῖ
474 3650 646 3783 ρεξὲιῗιθιξῧὶξ
658 3666 813 3785 percincti}
862 3666 932 3771 g469
950 3719 1044 3784 accipit
1061 3717 1187 3785 Pyladea]

109 3785 210 3851 accepit
279 3785 362 3837 aufert
379 3789 405 3837 te
422 3786 530 3850 B¹D¹E‚
541 3791 573 3866 'te
585 3785 664 3897 puter
675 3787 801 3868 Erigones
870 3789 917 3838 471
937 3787 1014 3868 imon.
1033 3801 1083 3865 om.
1097 3784 1188 3868 ME

109 3853 772 3988 tddttdtt.t⁷{intentandum
807 3858 857 3907 ⁴⁷⁵
875 3870 923 3921 ⁸⁸²
941 3853 1073 3921 ΝΜ
1091 3853 1189 3916 ²²¹⁶*
