2544 4364
97 174 220 226 usto-54
562 159 716 214 ASINARIA
1131 165 1171 224 55

96 329 185 390 etiam
206 328 340 409 amplius.
385 328 460 389 bau.
491 330 563 391 Nam
587 331 785 412 quousque?
830 334 892 396 Lm.
923 337 1022 415 Vsque
1041 338 1076 397 ad
1091 356 1173 399 mor-

453 421 512 474 tem
527 414 604 477 volo.

98 497 172 558 Dnu.
205 496 278 558 Cave
294 498 334 559 sis
349 498 454 558 malam
470 517 543 561 rem.
588 500 649 561 Lm.
680 500 784 563 onris
799 503 875 577 dico,
892 522 952 564 non
971 512 1059 566 tuam.
1093 528 1095 535 ¹

98 583 173 643 Dnu.
203 582 288 643 Dono
305 590 333 643 te
349 581 387 643 ob
403 583 479 643 istuc
494 584 614 659 dictum,
631 595 664 647 ut
679 604 785 665 expers
800 588 839 649 sis
855 598 944 650 metu.
1084 602 1121 652 44.
1143 602 1172 652 45

97 667 159 728 Lm.
183 666 217 727 Di
233 665 287 728 tibi
301 667 374 728 dent
389 686 592 748 quaecumque
608 678 701 749 optes.
746 671 821 732 Dua.
844 673 945 734 Redde
958 693 1076 753 operam
1089 675 1171 737 mihi.
1216 678 1219 690 '

97 752 222 813 curbae
238 769 293 830 ego
309 770 345 812 ex
359 760 388 813 te
404 752 566 831 quaeram?
588 763 638 815 aut
653 773 708 816 cur
722 755 843 818 miniter
857 757 911 818 tibi

96 844 255 917 propterea
271 837 349 915 qnod
366 856 413 898 me
430 857 491 899 non
507 839 650 900 scientem
666 839 793 902 leceris?

97 930 215 983 auteur
229 930 379 1001 postremo
395 921 454 982 filio
470 942 667 996 suscenseam,

96 1015 196 1086 patres
210 1015 243 1067 ut
258 1007 371 1067 iaciunt
385 1006 497 1068 ceteri?
542 1009 604 1069 Lm.
636 1008 713 1080 Quid
728 1009 805 1070 istuc
821 1009 939 1072 navist?
1143 1024 1172 1074 50

97 1090 227 1152 demiror
241 1091 311 1170 quid
326 1091 365 1152 sit
379 1100 409 1152 et
423 1110 482 1170 quo
498 1093 599 1154 evadat
613 1111 679 1155 sum
694 1094 725 1154 in
742 1102 832 1155 metu.

96 1175 172 1236 Duu.
202 1175 346 1254 Equidem
361 1177 422 1238 scio
438 1178 503 1252 iam,
520 1178 597 1240 iilius
613 1178 692 1257 quod
707 1186 785 1239 amet
799 1197 883 1241 meus

97 1259 191 1321 istanc
205 1261 393 1322 meretricem
409 1280 424 1322 e
440 1280 585 1341 proxumo
603 1262 795 1324 Philaenium.
963 1315 966 1319 .

97 1354 180 1406 estne
195 1346 252 1406 hoc
267 1354 301 1406 ut
315 1346 391 1420 dico,
407 1345 542 1408 Libane?
588 1348 649 1408 Lm.
680 1348 800 1409 Rectam
815 1347 907 1409 instas
922 1349 1007 1410 viam.

97 1448 131 1490 ea
146 1448 194 1491 res
210 1439 262 1492 est.
292 1431 343 1492 sed
359 1449 427 1492 eum
442 1431 565 1493 morbus
579 1432 684 1493 invasit
699 1432 802 1511 gravis.
1142 1444 1171 1493 55

96 1514 171 1576 buu.
202 1514 278 1586 Quid
295 1514 440 1577 morbist?
483 1516 546 1577 Lm.
577 1516 651 1588 Quia
669 1536 730 1577 non
747 1524 911 1597 suppetunt
926 1517 1012 1579 dictis
1027 1518 1102 1579 data.

96 1599 171 1660 buu.
201 1600 286 1661 'lune
303 1619 334 1661 es
348 1601 465 1661 adiutor
480 1620 562 1662 nunc
578 1602 688 1662 amanti
704 1599 786 1663 lilio?

97 1683 158 1744 Lm.
189 1684 261 1745 Sum
278 1703 356 1759 vero,
373 1693 402 1747 et
416 1686 489 1746 alter
505 1694 608 1747 noster
623 1694 668 1748 est
682 1687 824 1747 Leonida.

95 1768 171 1829 buu.
201 1769 283 1830 Bene
298 1769 392 1831 lacitis
407 1770 507 1832 hercle
523 1777 552 1832 et
566 1789 582 1832 a
598 1789 643 1831 me
659 1771 740 1832 initis
755 1771 887 1850 gratiam.

94 1872 196 1916 verum
213 1872 306 1915 meam
324 1872 456 1929 uxorem,
471 1855 594 1929 Libane,
611 1856 707 1917 nescis
722 1855 816 1935 qualis
832 1853 891 1916 sit‘l

95 1938 158 2000 Lm.
188 1939 234 1999 Tu
248 1940 362 2018 primus
377 1940 479 2014 sentis,
497 1959 552 2001 nos
567 1947 665 2000 tamen
682 1940 712 2000 in
728 1939 825 2020 pretio
840 1957 952 2001 surmus.

96 2024 171 2085 Dnu.
202 2024 308 2085 Fateor
323 2042 387 2085 eam
402 2043 466 2086 esse
481 2025 674 2105 inportunam
690 2032 778 2104 atque
793 2022 1021 2086 incommodam.

97 2107 159 2169 Lm.
189 2108 340 2170 Posterius
362 2109 437 2171 istuc
460 2109 533 2171 dicis
558 2128 645 2189 quam
669 2109 758 2171 credo
781 2108 844 2170 tibi.

96 2193 171 2255 Dnu.
202 2193 313 2255 Omnes
335 2202 483 2273 parentes,
507 2193 628 2270 Libane,
651 2194 751 2256 liberis
773 2195 843 2269 suis,
866 2193 887 2271 †

96 2279 147 2358 qui
169 2278 241 2339 mibi
263 2277 480 2353 auscultabunt,
503 2279 612 2340 sacient
635 2279 835 2358 obsequellam
857 2276 878 2356 †
1142 2286 1171 2336 aa

96 2361 220 2446 [quippe
243 2367 294 2441 qul
316 2381 400 2443 mage
423 2365 517 2424 amico
541 2371 662 2426 utantur
683 2373 774 2442 gnato
797 2372 826 2425 et
848 2357 1016 2443 benevolo].

96 2455 184 2526 atque
208 2465 263 2526 ego
286 2466 333 2508 me
356 2448 385 2508 id
407 2450 504 2509 lacere
526 2450 640 2524 studeo,
662 2448 728 2509 volo
751 2447 841 2509 amari
864 2466 880 2508 a
903 2446 990 2522 meis3

96 2533 161 2593 volo
184 2537 231 2593 me
254 2533 346 2610 patris
367 2533 426 2594 mei
448 2533 581 2608 similem,
604 2533 655 2612 qui
678 2551 766 2594 causa
789 2550 853 2593 mea

96 2617 264 2678 nauclerico
288 2616 350 2696 ipse
373 2628 480 2679 ornatu
501 2636 556 2698 per
577 2617 719 2678 fallaciam

180 2819 223 2868 44.
242 2819 274 2869 45
293 2818 406 2885 expersis
423 2824 455 2870 at
469 2819 522 2870 ald.
534 2818 578 2884 13¹,
596 2817 723 2886 expressis
742 2818 766 2869 II
843 2817 875 2867 47
895 2830 944 2867 om.
964 2814 1001 2864 14ιι
1075 2814 1108 2865 46
1127 2827 1172 2864 ne-

96 2885 219 2936 scientem
231 2885 256 2935 Ε
324 2887 400 2952 atsq.
418 2889 532 2937 Iaoa‘cem
549 2889 769 2951 inimogaturas
787 2901 841 2936 aaa
857 2883 940 2948 plane
956 2883 1109 2946 interrogat
1119 2880 1171 2930 De-

95 2957 239 3015 masuetus,
256 2953 303 3004 sed
314 2956 435 3006 consalta
445 2971 591 3006 sermonem
609 2955 736 3019 obliquat,
751 2958 886 3018 pestrmno
898 2954 954 3002 iam
966 2965 994 3000 aa
1005 2951 1074 3000 seiae
1086 2964 1170 3000 anan·

97 3023 154 3071 aiat.
183 3036 237 3072 non
249 3026 322 3072 reela
336 3038 404 3088 qaae
417 3021 544 3088 legantur
552 3021 599 3074 LG
608 3019 698 3088 praef.
708 3020 800 3072 XXIII
809 3016 1117 3080 etmas.Iibea.37,151

96 3091 126 3140 51
142 3093 206 3154 post
217 3105 240 3141 a.
250 3087 285 3142 83
303 3090 433 3141 traditum
450 3091 570 3142 hocloco
586 3093 677 3156 posaa't
690 3088 836 3140 Acidaliae.
867 3102 971 3138 uersam
989 3089 1104 3135 testatur
1114 3083 1169 3164 Ilo-

94 3158 158 3207 nias
225 3158 258 3209 52
277 3161 303 3207 et
320 3159 370 3208 boc
387 3159 445 3209 loco
464 3162 540 3209 aetat
556 3162 583 3207 et
599 3158 726 3208 adhaeret
742 3157 833 3206 uersata·
843 3156 875 3206 51
890 3159 955 3219 past
965 3169 988 3206 a.
1001 3153 1035 3205 83
1052 3152 1100 3216 (ibi
1117 3166 1169 3202 ram

97 3224 169 3288 scio).
245 3224 313 3292 quod
332 3229 399 3277 amat
416 3241 497 3290 meus,
515 3226 597 3277 istanc
615 3224 763 3275 Loreaziaa
780 3226 809 3274 ia
827 3223 957 3273 darsiani
974 3221 1042 3271 actis
1061 3220 1085 3283 1,
1102 3218 1169 3281 376‚·

95 3307 120 3342 n.
133 3291 170 3343 ad
180 3290 214 3342 47
222 3308 261 3357 sq.
331 3295 365 3345 54
381 3294 479 3345 instans
494 3292 568 3344 B¹D¹
636 3295 669 3345 59
687 3291 772 3342 iacitis
790 3288 875 3343 hercle
887 3289 1065 3366 Hermaanqs]
1083 3284 1168 3337 hercle

96 3359 181 3411 tacitis
250 3361 283 3412 60
296 3360 346 3413 siet
410 3361 461 3414 scis
479 3359 562 3429 qualis
580 3360 755 3412 sietBotIaias
824 3359 855 3411 61
870 3356 967 3409 *servis
1036 3368 1063 3405 m
1081 3353 1169 3404 amb

95 3428 129 3479 62
148 3427 228 3479 latear
245 3428 284 3478 I)a
382 3431 422 3482 64.
441 3431 474 3483 65
493 3431 601 3479 turbata
620 3429 685 3480 baca
702 3431 728 3477 at
743 3426 868 3478 mutilata
886 3440 941 3474 esse
957 3423 1078 3501 (tantam.
1092 3421 1168 3500 obse-

96 3495 234 3562 quentiam·
245 3511 299 3560 pra
318 3496 493 3565 obsequellam
510 3498 682 3561 scripserant)
706 3496 777 3545 vidit
793 3494 924 3545 baubatus
940 3492 974 3555 (o.
993 3505 1018 3556 p.
1037 3505 1126 3558 qurqur
1145 3504 1167 3541 a.

95 3562 158 3614 mibi
174 3565 178 3627 Ι
193 3578 214 3616 s.
224 3562 242 3615 l.
252 3579 276 3616 o.
286 3562 312 3616 L.
324 3564 360 3628 l).
389 3567 439 3617 boe
456 3562 514 3625 fara
530 3566 641 3629 flagitat
657 3565 850 3614 sententiarum
868 3575 999 3611 caumas:
1017 3572 1105 3610 omnes
1123 3572 1168 3622 pa·

94 3635 188 3696 rentes,
206 3630 310 3695 Libane,
329 3630 423 3685 facient
435 3632 530 3698 liberis,
546 3632 551 3699 1
567 3632 611 3699 qui
628 3632 663 3683 mi
676 3629 865 3691 auscultabunt,
884 3625 1059 3693 obsequellam
1073 3627 1169 3688 [aman-

95 3699 174 3762 tibus]
245 3702 277 3752 65
295 3698 392 3752 iaciunt
409 3699 513 3752 Iloaias
531 3703 578 3765 qai
594 3705 708 3751 testatur
720 3696 887 3763 obsequelam
955 3696 989 3747 66
1007 3694 1056 3744 dal.
1073 3690 1168 3744 I'leala-

95 3769 215 3830 ea'senaa‚·
239 3765 361 3828 defendit
376 3767 551 3836 Niemeymas
574 3769 590 3820 l.
608 3785 638 3832 a,
662 3771 725 3818 a'tcm
744 3765 785 3817 77.
802 3763 844 3817 93.
862 3763 920 3816 250.
937 3761 997 3814 252.
1015 3761 1067 3813 552

96 3836 128 3954 gl
148 3834 228 3885 amori
245 3834 290 3900 13¹,
308 3849 391 3887 amare
410 3836 460 3886 Da
547 3838 579 3888 69
597 3834 718 3887 nenderio
737 3833 818 3897 aaa,
837 3830 967 3884 naucleris
984 3828 1080 3895 Laod„
1098 3841 1168 3879 corr.

117 3918 268 3954 amaranas
