<?xml version="1.0" encoding="UTF-8"?>
<!DOCTYPE html PUBLIC "-//W3C//DTD XHTML 1.0 Transitional//EN"
    "http://www.w3.org/TR/xhtml1/DTD/xhtml1-transitional.dtd">
<html xmlns="http://www.w3.org/1999/xhtml" xml:lang="en" lang="en">
 <head>
  <title>
</title>
<meta http-equiv="Content-Type" content="text/html;charset=utf-8" />
  <meta name='ocr-system' content='tesseract 3.04.00' />
  <meta name='ocr-capabilities' content='ocr_page ocr_carea ocr_par ocr_line ocrx_word'/>
</head>
<body>
  <div class='ocr_page' id='page_1' title='image "./tmacciplauticom01leogoog_0109.png"; bbox 0 0 2544 4364; ppageno 0'>
   <div class='ocr_carea' id='block_1_1' title="bbox 152 180 749 239">
    <p class='ocr_par' dir='ltr' id='par_1_1' title="bbox 152 180 749 239">
     <span class='ocr_line' id='line_1_1' title="bbox 152 180 749 239; baseline -0.008 0"><span class='ocrx_word' id='word_1_1' title='bbox 152 181 193 239; x_wconf 84' lang='lat'><strong>94</strong></span> <span class='ocrx_word' id='word_1_2' title='bbox 285 183 287 191; x_wconf 78' lang='grc'>’</span> <span class='ocrx_word' id='word_1_3' title='bbox 631 180 749 234; x_wconf 79' lang='lat' dir='ltr'><strong>PLdVl&#39;l</strong></span> 
     </span>
    </p>
   </div>
   <div class='ocr_carea' id='block_1_2' title="bbox 151 355 1006 1633">
    <p class='ocr_par' dir='ltr' id='par_1_2' title="bbox 152 355 818 434">
     <span class='ocr_line' id='line_1_2' title="bbox 152 355 818 434; baseline -0.003 -17"><span class='ocrx_word' id='word_1_4' title='bbox 152 357 201 418; x_wconf 90' lang='lat' dir='ltr'><strong>dat</strong></span> <span class='ocrx_word' id='word_1_5' title='bbox 222 355 294 416; x_wconf 88' lang='lat' dir='ltr'><strong>mihi</strong></span> <span class='ocrx_word' id='word_1_6' title='bbox 317 373 452 417; x_wconf 89' lang='lat' dir='ltr'><strong>coronas.</strong></span> <span class='ocrx_word' id='word_1_7' title='bbox 498 355 561 416; x_wconf 91' lang='lat' dir='ltr'><strong>eius</strong></span> <span class='ocrx_word' id='word_1_8' title='bbox 582 355 705 416; x_wconf 88' lang='lat' dir='ltr'><strong>honoris</strong></span> <span class='ocrx_word' id='word_1_9' title='bbox 727 355 818 434; x_wconf 85' lang='lat' dir='ltr'><strong>gratia</strong></span> 
     </span>
    </p>

    <p class='ocr_par' dir='ltr' id='par_1_3' title="bbox 151 440 861 520">
     <span class='ocr_line' id='line_1_3' title="bbox 151 440 861 520; baseline -0.006 -15"><span class='ocrx_word' id='word_1_10' title='bbox 151 442 218 517; x_wconf 84' lang='lat' dir='ltr'><strong>leci,</strong></span> <span class='ocrx_word' id='word_1_11' title='bbox 241 442 434 502; x_wconf 80' lang='lat' dir='ltr'><strong>thensaurum</strong></span> <span class='ocrx_word' id='word_1_12' title='bbox 456 450 489 502; x_wconf 91' lang='lat' dir='ltr'><strong>ut</strong></span> <span class='ocrx_word' id='word_1_13' title='bbox 509 441 558 501; x_wconf 93' lang='lat' dir='ltr'><strong>hic</strong></span> <span class='ocrx_word' id='word_1_14' title='bbox 581 441 726 520; x_wconf 92' lang='lat' dir='ltr'><strong>reperiret</strong></span> <span class='ocrx_word' id='word_1_15' title='bbox 747 440 861 514; x_wconf 83' lang='lat' dir='ltr'><strong>Euclio,</strong></span> 
     </span>
    </p>

    <p class='ocr_par' dir='ltr' id='par_1_4' title="bbox 152 526 886 608">
     <span class='ocr_line' id='line_1_4' title="bbox 152 526 886 608; baseline -0.001 -20"><span class='ocrx_word' id='word_1_16' title='bbox 152 546 212 608; x_wconf 88' lang='lat' dir='ltr'><strong>quo</strong></span> <span class='ocrx_word' id='word_1_17' title='bbox 235 526 313 587; x_wconf 93' lang='lat' dir='ltr'><strong>illam</strong></span> <span class='ocrx_word' id='word_1_18' title='bbox 335 526 450 588; x_wconf 84' lang='lat' dir='ltr'><strong>facilius</strong></span> <span class='ocrx_word' id='word_1_19' title='bbox 472 535 608 606; x_wconf 83' lang='lat' dir='ltr'><strong>nuptum,</strong></span> <span class='ocrx_word' id='word_1_20' title='bbox 631 526 655 586; x_wconf 90' lang='lat' dir='ltr'><strong>si</strong></span> <span class='ocrx_word' id='word_1_21' title='bbox 677 527 773 600; x_wconf 86' lang='lat' dir='ltr'><strong>vellet,</strong></span> <span class='ocrx_word' id='word_1_22' title='bbox 796 526 886 588; x_wconf 79' lang='lat' dir='ltr'><strong>daret.</strong></span> 
     </span>
    </p>

    <p class='ocr_par' dir='ltr' id='par_1_5' title="bbox 152 611 1006 1034">
     <span class='ocr_line' id='line_1_5' title="bbox 152 611 990 691; baseline -0.005 -15"><span class='ocrx_word' id='word_1_23' title='bbox 152 631 222 676; x_wconf 92' lang='lat' dir='ltr'><strong>nam</strong></span> <span class='ocrx_word' id='word_1_24' title='bbox 244 631 308 673; x_wconf 88' lang='lat' dir='ltr'><strong>eam</strong></span> <span class='ocrx_word' id='word_1_25' title='bbox 330 612 504 691; x_wconf 83' lang='lat' dir='ltr'><strong>compressit</strong></span> <span class='ocrx_word' id='word_1_26' title='bbox 526 613 562 673; x_wconf 91' lang='lat' dir='ltr'><strong>de</strong></span> <span class='ocrx_word' id='word_1_27' title='bbox 584 630 698 673; x_wconf 90' lang='lat' dir='ltr'><strong>summo</strong></span> <span class='ocrx_word' id='word_1_28' title='bbox 722 611 893 673; x_wconf 82' lang='lat' dir='ltr'><strong>adulescens</strong></span> <span class='ocrx_word' id='word_1_29' title='bbox 914 611 990 673; x_wconf 92' lang='lat' dir='ltr'><strong>loco.</strong></span> 
     </span>
     <span class='ocr_line' id='line_1_6' title="bbox 153 697 952 777; baseline -0.006 -15"><span class='ocrx_word' id='word_1_30' title='bbox 153 701 177 761; x_wconf 91' lang='lat' dir='ltr'><strong>is</strong></span> <span class='ocrx_word' id='word_1_31' title='bbox 198 699 254 761; x_wconf 90' lang='lat' dir='ltr'><strong>scit</strong></span> <span class='ocrx_word' id='word_1_32' title='bbox 275 699 448 759; x_wconf 86' lang='lat' dir='ltr'><strong>adulescens</strong></span> <span class='ocrx_word' id='word_1_33' title='bbox 471 717 546 776; x_wconf 87' lang='lat' dir='ltr'><strong>qnae</strong></span> <span class='ocrx_word' id='word_1_34' title='bbox 568 698 605 759; x_wconf 89' lang='lat' dir='ltr'><strong>sit</strong></span> <span class='ocrx_word' id='word_1_35' title='bbox 627 716 715 777; x_wconf 88' lang='lat' dir='ltr'><strong>quam</strong></span> <span class='ocrx_word' id='word_1_36' title='bbox 736 697 952 777; x_wconf 83' lang='lat' dir='ltr'><strong>compresserit,</strong></span> 
     </span>
     <span class='ocr_line' id='line_1_7' title="bbox 152 779 1006 863; baseline -0.004 -17"><span class='ocrx_word' id='word_1_37' title='bbox 152 779 200 846; x_wconf 94' lang='lat' dir='ltr'><strong>illa</strong></span> <span class='ocrx_word' id='word_1_38' title='bbox 223 784 306 846; x_wconf 92' lang='lat' dir='ltr'><strong>illum</strong></span> <span class='ocrx_word' id='word_1_39' title='bbox 329 783 431 858; x_wconf 83' lang='lat' dir='ltr'><strong>nescit,</strong></span> <span class='ocrx_word' id='word_1_40' title='bbox 454 802 552 862; x_wconf 90' lang='lat' dir='ltr'><strong>neque</strong></span> <span class='ocrx_word' id='word_1_41' title='bbox 574 801 773 863; x_wconf 85' lang='lat' dir='ltr'><strong>compressam</strong></span> <span class='ocrx_word' id='word_1_42' title='bbox 795 791 892 844; x_wconf 85' lang='lat' dir='ltr'><strong>autem</strong></span> <span class='ocrx_word' id='word_1_43' title='bbox 914 792 1006 862; x_wconf 89' lang='lat' dir='ltr'><strong>pater.</strong></span> 
     </span>
     <span class='ocr_line' id='line_1_8' title="bbox 154 868 992 949; baseline -0.002 -17"><span class='ocrx_word' id='word_1_44' title='bbox 154 890 217 932; x_wconf 86' lang='lat' dir='ltr'><strong>eam</strong></span> <span class='ocrx_word' id='word_1_45' title='bbox 241 889 296 949; x_wconf 85' lang='lat' dir='ltr'><strong>ego</strong></span> <span class='ocrx_word' id='word_1_46' title='bbox 317 870 405 931; x_wconf 83' lang='lat' dir='ltr'><strong>hodie</strong></span> <span class='ocrx_word' id='word_1_47' title='bbox 427 869 530 930; x_wconf 84' lang='lat' dir='ltr'><strong>faciam</strong></span> <span class='ocrx_word' id='word_1_48' title='bbox 552 877 585 929; x_wconf 93' lang='lat' dir='ltr'><strong>ut</strong></span> <span class='ocrx_word' id='word_1_49' title='bbox 605 869 653 929; x_wconf 91' lang='lat' dir='ltr'><strong>hic</strong></span> <span class='ocrx_word' id='word_1_50' title='bbox 676 888 766 930; x_wconf 84' lang='lat' dir='ltr'><strong>senex</strong></span> <span class='ocrx_word' id='word_1_51' title='bbox 789 868 825 929; x_wconf 93' lang='lat' dir='ltr'><strong>de</strong></span> <span class='ocrx_word' id='word_1_52' title='bbox 847 887 992 948; x_wconf 83' lang='lat' dir='ltr'><strong>proxumo</strong></span> 
     </span>
     <span class='ocr_line' id='line_1_9' title="bbox 153 954 864 1034; baseline -0.004 -16"><span class='ocrx_word' id='word_1_53' title='bbox 153 957 209 1019; x_wconf 91' lang='lat' dir='ltr'><strong>sihi</strong></span> <span class='ocrx_word' id='word_1_54' title='bbox 231 962 352 1017; x_wconf 83' lang='lat' dir='ltr'><strong>uxorem</strong></span> <span class='ocrx_word' id='word_1_55' title='bbox 374 962 485 1034; x_wconf 89' lang='lat' dir='ltr'><strong>poscat.</strong></span> <span class='ocrx_word' id='word_1_56' title='bbox 529 954 557 1015; x_wconf 91' lang='lat' dir='ltr'><strong>id</strong></span> <span class='ocrx_word' id='word_1_57' title='bbox 581 972 614 1014; x_wconf 93' lang='lat' dir='ltr'><strong>ea</strong></span> <span class='ocrx_word' id='word_1_58' title='bbox 635 954 739 1015; x_wconf 81' lang='lat' dir='ltr'><strong>faciam</strong></span> <span class='ocrx_word' id='word_1_59' title='bbox 761 954 864 1033; x_wconf 83' lang='lat' dir='ltr'><strong>gratia,</strong></span> 
     </span>
    </p>

    <p class='ocr_par' dir='ltr' id='par_1_6' title="bbox 155 1039 932 1122">
     <span class='ocr_line' id='line_1_10' title="bbox 155 1039 932 1122; baseline -0.003 -20"><span class='ocrx_word' id='word_1_60' title='bbox 155 1061 213 1122; x_wconf 90' lang='lat' dir='ltr'><strong>quo</strong></span> <span class='ocrx_word' id='word_1_61' title='bbox 236 1040 284 1102; x_wconf 89' lang='lat' dir='ltr'><strong>ille</strong></span> <span class='ocrx_word' id='word_1_62' title='bbox 306 1058 368 1100; x_wconf 89' lang='lat' dir='ltr'><strong>eam</strong></span> <span class='ocrx_word' id='word_1_63' title='bbox 391 1040 504 1101; x_wconf 82' lang='lat' dir='ltr'><strong>facilius</strong></span> <span class='ocrx_word' id='word_1_64' title='bbox 526 1039 613 1100; x_wconf 88' lang='lat' dir='ltr'><strong>ducat</strong></span> <span class='ocrx_word' id='word_1_65' title='bbox 636 1039 686 1118; x_wconf 90' lang='lat' dir='ltr'><strong>qui</strong></span> <span class='ocrx_word' id='word_1_66' title='bbox 708 1049 932 1119; x_wconf 89' lang='lat' dir='ltr'><strong>compresserat.</strong></span> 
     </span>
    </p>

    <p class='ocr_par' dir='ltr' id='par_1_7' title="bbox 155 1124 884 1205">
     <span class='ocr_line' id='line_1_11' title="bbox 155 1124 884 1205; baseline -0.003 -17"><span class='ocrx_word' id='word_1_67' title='bbox 155 1136 184 1188; x_wconf 92' lang='lat' dir='ltr'><strong>et</strong></span> <span class='ocrx_word' id='word_1_68' title='bbox 206 1126 254 1188; x_wconf 93' lang='lat' dir='ltr'><strong>hic</strong></span> <span class='ocrx_word' id='word_1_69' title='bbox 278 1126 327 1205; x_wconf 91' lang='lat' dir='ltr'><strong>qui</strong></span> <span class='ocrx_word' id='word_1_70' title='bbox 350 1134 453 1204; x_wconf 92' lang='lat' dir='ltr'><strong>poscet</strong></span> <span class='ocrx_word' id='word_1_71' title='bbox 475 1143 538 1185; x_wconf 90' lang='lat' dir='ltr'><strong>eam</strong></span> <span class='ocrx_word' id='word_1_72' title='bbox 561 1124 616 1186; x_wconf 92' lang='lat' dir='ltr'><strong>sibi</strong></span> <span class='ocrx_word' id='word_1_73' title='bbox 638 1144 761 1186; x_wconf 85' lang='lat' dir='ltr'><strong>uxorem</strong></span> <span class='ocrx_word' id='word_1_74' title='bbox 784 1144 884 1199; x_wconf 84' lang='lat' dir='ltr'><strong>senex,</strong></span> 
     </span>
    </p>

    <p class='ocr_par' dir='ltr' id='par_1_8' title="bbox 155 1210 752 1286">
     <span class='ocr_line' id='line_1_12' title="bbox 155 1210 752 1286; baseline -0.002 -13"><span class='ocrx_word' id='word_1_75' title='bbox 155 1212 179 1274; x_wconf 89' lang='lat' dir='ltr'><strong>is</strong></span> <span class='ocrx_word' id='word_1_76' title='bbox 201 1211 396 1274; x_wconf 89' lang='lat' dir='ltr'><strong>adulescentis</strong></span> <span class='ocrx_word' id='word_1_77' title='bbox 417 1210 495 1272; x_wconf 93' lang='lat' dir='ltr'><strong>illius</strong></span> <span class='ocrx_word' id='word_1_78' title='bbox 517 1219 562 1272; x_wconf 93' lang='lat' dir='ltr'><strong>est</strong></span> <span class='ocrx_word' id='word_1_79' title='bbox 583 1211 752 1286; x_wconf 87' lang='lat' dir='ltr'><strong>avonculus,</strong></span> 
     </span>
    </p>

    <p class='ocr_par' dir='ltr' id='par_1_9' title="bbox 156 1295 867 1378">
     <span class='ocr_line' id='line_1_13' title="bbox 156 1295 867 1378; baseline -0.003 -20"><span class='ocrx_word' id='word_1_80' title='bbox 156 1298 206 1378; x_wconf 89' lang='lat' dir='ltr'><strong>qui</strong></span> <span class='ocrx_word' id='word_1_81' title='bbox 229 1297 307 1358; x_wconf 93' lang='lat' dir='ltr'><strong>illam</strong></span> <span class='ocrx_word' id='word_1_82' title='bbox 329 1297 471 1377; x_wconf 86' lang='lat' dir='ltr'><strong>stupravit</strong></span> <span class='ocrx_word' id='word_1_83' title='bbox 494 1305 594 1371; x_wconf 89' lang='lat' dir='ltr'><strong>noctu,</strong></span> <span class='ocrx_word' id='word_1_84' title='bbox 618 1297 733 1358; x_wconf 84' lang='lat' dir='ltr'><strong>Cereris</strong></span> <span class='ocrx_word' id='word_1_85' title='bbox 754 1295 867 1375; x_wconf 82' lang='lat' dir='ltr'><strong>vigiliis.</strong></span> 
     </span>
    </p>

    <p class='ocr_par' dir='ltr' id='par_1_10' title="bbox 155 1382 855 1445">
     <span class='ocr_line' id='line_1_14' title="bbox 155 1382 855 1445; baseline -0.004 0"><span class='ocrx_word' id='word_1_86' title='bbox 155 1384 205 1445; x_wconf 91' lang='lat' dir='ltr'><strong>sed</strong></span> <span class='ocrx_word' id='word_1_87' title='bbox 228 1383 388 1444; x_wconf 85' lang='lat' dir='ltr'><strong>hic&#39;senex</strong></span> <span class='ocrx_word' id='word_1_88' title='bbox 410 1383 466 1443; x_wconf 93' lang='lat' dir='ltr'><strong>iam</strong></span> <span class='ocrx_word' id='word_1_89' title='bbox 490 1383 595 1443; x_wconf 88' lang='lat' dir='ltr'><strong>clamat</strong></span> <span class='ocrx_word' id='word_1_90' title='bbox 617 1383 697 1443; x_wconf 90' lang='lat' dir='ltr'><strong>intus</strong></span> <span class='ocrx_word' id='word_1_91' title='bbox 720 1391 751 1443; x_wconf 92' lang='lat' dir='ltr'><strong>ut</strong></span> <span class='ocrx_word' id='word_1_92' title='bbox 772 1382 855 1443; x_wconf 89' lang='lat' dir='ltr'><strong>solet.</strong></span> 
     </span>
    </p>

    <p class='ocr_par' dir='ltr' id='par_1_11' title="bbox 156 1467 776 1541">
     <span class='ocr_line' id='line_1_15' title="bbox 156 1467 776 1541; baseline -0.003 -12"><span class='ocrx_word' id='word_1_93' title='bbox 156 1487 245 1531; x_wconf 91' lang='lat' dir='ltr'><strong>annm</strong></span> <span class='ocrx_word' id='word_1_94' title='bbox 267 1469 345 1529; x_wconf 83' lang='lat' dir='ltr'><strong>foras</strong></span> <span class='ocrx_word' id='word_1_95' title='bbox 368 1467 506 1541; x_wconf 83' lang='lat' dir='ltr'><strong>extrudit,</strong></span> <span class='ocrx_word' id='word_1_96' title='bbox 529 1487 567 1528; x_wconf 91' lang='lat' dir='ltr'><strong>ne</strong></span> <span class='ocrx_word' id='word_1_97' title='bbox 589 1467 627 1529; x_wconf 89' lang='lat' dir='ltr'><strong>sit</strong></span> <span class='ocrx_word' id='word_1_98' title='bbox 648 1467 776 1530; x_wconf 90' lang='lat' dir='ltr'><strong>conscia.</strong></span> 
     </span>
    </p>

    <p class='ocr_par' dir='ltr' id='par_1_12' title="bbox 157 1552 981 1633">
     <span class='ocr_line' id='line_1_16' title="bbox 157 1552 981 1633; baseline 0 -17"><span class='ocrx_word' id='word_1_99' title='bbox 157 1554 244 1616; x_wconf 91' lang='lat' dir='ltr'><strong>credo</strong></span> <span class='ocrx_word' id='word_1_100' title='bbox 267 1572 372 1615; x_wconf 91' lang='lat' dir='ltr'><strong>aurum</strong></span> <span class='ocrx_word' id='word_1_101' title='bbox 394 1553 542 1633; x_wconf 86' lang='lat' dir='ltr'><strong>inspicere</strong></span> <span class='ocrx_word' id='word_1_102' title='bbox 563 1552 632 1628; x_wconf 88' lang='lat' dir='ltr'><strong>volt,</strong></span> <span class='ocrx_word' id='word_1_103' title='bbox 656 1572 694 1614; x_wconf 90' lang='lat' dir='ltr'><strong>ue</strong></span> <span class='ocrx_word' id='word_1_104' title='bbox 716 1553 893 1632; x_wconf 89' lang='lat' dir='ltr'><strong>subruptum</strong></span> <span class='ocrx_word' id='word_1_105' title='bbox 916 1553 981 1616; x_wconf 90' lang='lat' dir='ltr'><strong>siet.</strong></span> 
     </span>
    </p>
   </div>
   <div class='ocr_carea' id='block_1_3' title="bbox 157 1735 1227 1873">
    <p class='ocr_par' dir='ltr' id='par_1_13' title="bbox 157 1735 1227 1873">
     <span class='ocr_line' id='line_1_17' title="bbox 242 1735 1225 1804; baseline -0.002 -13"><span class='ocrx_word' id='word_1_106' title='bbox 242 1741 274 1791; x_wconf 79' lang='lat'><strong>28</strong></span> <span class='ocrx_word' id='word_1_107' title='bbox 292 1753 348 1791; x_wconf 82' lang='lat' dir='ltr'><strong>eam</strong></span> <span class='ocrx_word' id='word_1_108' title='bbox 366 1753 461 1804; x_wconf 87' lang='lat' dir='ltr'><strong>compr.</strong></span> <span class='ocrx_word' id='word_1_109' title='bbox 479 1737 601 1801; x_wconf 77' lang='lat' dir='ltr'><strong>Botlnim]</strong></span> <span class='ocrx_word' id='word_1_110' title='bbox 621 1737 771 1804; x_wconf 84' lang='lat' dir='ltr'><strong>compressit</strong></span> <span class='ocrx_word' id='word_1_111' title='bbox 788 1752 844 1790; x_wconf 82' lang='lat' dir='ltr'><strong>eam</strong></span> <span class='ocrx_word' id='word_1_112' title='bbox 935 1738 967 1791; x_wconf 87' lang='grc'><strong>33</strong></span> <span class='ocrx_word' id='word_1_113' title='bbox 986 1735 1055 1804; x_wconf 88' lang='lat' dir='ltr'><strong>quod</strong></span> <span class='ocrx_word' id='word_1_114' title='bbox 1072 1735 1132 1789; x_wconf 76' lang='lat' dir='ltr'><strong>ille·</strong></span> <span class='ocrx_word' id='word_1_115' title='bbox 1146 1737 1225 1803; x_wconf 72' lang='lat' dir='ltr'><strong>(erar.</strong></span> 
     </span>
     <span class='ocr_line' id='line_1_18' title="bbox 157 1805 1227 1873; baseline 0 -15"><span class='ocrx_word' id='word_1_116' title='bbox 157 1807 247 1873; x_wconf 75' lang='lat' dir='ltr'><strong>ullD¹</strong></span> <span class='ocrx_word' id='word_1_117' title='bbox 298 1808 401 1860; x_wconf 81' lang='lat'><strong>34-36</strong></span> <span class='ocrx_word' id='word_1_118' title='bbox 410 1806 506 1858; x_wconf 81' lang='lat' dir='ltr'><strong>Plauto</strong></span> <span class='ocrx_word' id='word_1_119' title='bbox 515 1807 654 1858; x_wconf 83' lang='lat' dir='ltr'><strong>adiudicat</strong></span> <span class='ocrx_word' id='word_1_120' title='bbox 662 1805 806 1871; x_wconf 71' lang='lat' dir='ltr'><strong>Longanos</strong></span> <span class='ocrx_word' id='word_1_121' title='bbox 858 1807 889 1858; x_wconf 86' lang='grc'><strong>36</strong></span> <span class='ocrx_word' id='word_1_122' title='bbox 900 1806 991 1860; x_wconf 82' lang='lat' dir='ltr'><strong>ceteris</strong></span> <span class='ocrx_word' id='word_1_123' title='bbox 1000 1806 1037 1857; x_wconf 66' lang='lat' dir='ltr'><strong>B‘</strong></span> <span class='ocrx_word' id='word_1_124' title='bbox 1089 1805 1227 1858; x_wconf 79' lang='lat' dir='ltr'><strong>3&#39;llteeB·</strong></span> 
     </span>
    </p>
   </div>
   <div class='ocr_carea' id='block_1_4' title="bbox 0 0 1291 4364">
    <p class='ocr_par' dir='ltr' id='par_1_14' title="bbox 0 0 1291 4364">
     <span class='ocr_line' id='line_1_19' title="bbox 0 0 1291 4364; baseline 0 0"><span class='ocrx_word' id='word_1_125' title='bbox 0 0 1291 4364; x_wconf 95' lang='lat' dir='ltr'><strong> </strong></span> 
     </span>
    </p>
   </div>
  </div>
 </body>
</html>
