2544 4364
58 177 208 228 33330-303
503 158 695 213 AMPfflTttvo
1095 160 1132 220 17

103 332 198 397 Mnuc.
244 332 374 412 Optume
394 349 496 391 eccum
519 331 630 394 incedit
651 333 686 394 ad
705 351 766 393 me.
822 333 885 394 Sos.
916 334 1033 408 Timeo,
1055 341 1135 396 totus

409 423 524 495 torpeo.
820 478 821 481 ,
1091 429 1135 480 333

104 521 166 564 non
184 502 290 582 edepol
304 519 387 562 nunc
402 499 454 562 ubi
468 511 616 563 terrarum
631 501 686 563 sim
701 503 772 576 scio,
788 502 813 564 si
828 503 895 582 quis
910 511 1004 582 roget,

105 606 204 667 neque
219 587 308 648 miser
324 605 371 646 me
387 604 573 647 commovere
588 605 710 666 possum
725 605 796 666 prae
811 588 980 649 formidine.

103 671 191 750 ilicet,
207 672 343 733 mandata
353 671 400 732 eri
415 671 570 750 perierunt
584 690 643 732 una
660 681 689 733 et
704 671 796 733 Sosia.

104 776 207 818 verum
223 764 365 818 certumst
379 755 565 817 confidenter
579 756 731 818 hominem
746 766 851 818 contra
866 758 1015 836 conloqui,

103 842 156 922 qui
172 842 283 922 possim
297 840 390 902 videri
405 840 475 901 huic
489 841 583 915 sortis,
600 861 616 902 3
632 860 679 902 me
694 849 728 902 ut
742 842 887 904 abstineat
901 861 1032 904 manum.
1093 852 1136 903 340

103 927 197 988 Maec.
243 925 309 997 Quo
325 925 458 986 ambulas
472 933 520 1054 tq,
542 926 592 1004 qui
608 927 770 987 Volcanum
792 927 821 988 in
844 945 938 988 cornu
960 927 1134 989 conclusum

409 1028 506 1089 geris.

101 1095 170 1158 Sos
215 1095 290 1166 Quid
308 1096 335 1159 id
352 1095 483 1173 exquiris
498 1104 545 1171 tu,
567 1096 618 1174 qui
634 1096 743 1175 pugnis
758 1115 792 1157 os
807 1115 926 1158 exossas
941 1092 1135 1158 hominibus?

102 1181 198 1242 lianc.
244 1180 352 1242 Servos
368 1199 439 1241 esne
454 1199 492 1241 an
508 1177 607 1241 liber?
650 1179 714 1250 Sos.
737 1181 903 1260 Vtcumque
918 1181 1016 1242 animo
1029 1181 1135 1242 conlu-

408 1264 532 1326 bitumst
545 1284 623 1350 m'eo.

104 1349 198 1412 11333.
243 1349 299 1411 Ain
316 1347 409 1410 vero?
464 1350 529 1410 Sos.
562 1351 616 1411 Aio
638 1350 812 1411 enimvero.
866 1351 959 1412 Mnnc.
994 1350 1134 1412 Verbere.

409 1434 474 1496 Sos.
505 1433 639 1496 Mentiris
653 1453 746 1496 nunc.

103 1518 198 1583 Manu.
243 1520 281 1580 m
295 1519 354 1580 iam
367 1519 471 1580 iaciam
486 1526 520 1664 pt
533 1538 636 1581 verum
651 1520 731 1581 dicas
742 1519 851 1581 dicere.
894 1518 960 1582 Sos.
983 1519 1062 1591 Quid
1072 1527 1136 1581 eost

409 1622 484 1683 opus
1090 1614 1134 1664 335

104 1687 198 1751 liano.
242 1688 367 1751 Possum
382 1689 472 1764 scire,
494 1707 553 1816 quo
577 1689 729 1768 proiectus
751 1689 857 1768 quoius
878 1688 917 1750 sis
935 1696 985 1750 aut
1001 1688 1072 1766 quid
1085 1707 1134 1749 ve·

407 1792 505 1835 neris.

102 1857 169 1920 Sos.
213 1857 280 1918 Huc
296 1876 331 1918 eo
347 1858 389 1918 eri
406 1858 514 1935 [iussu,
533 1857 606 1934 eius]
621 1876 686 1918 sum
701 1876 810 1919 servos.
841 1856 986 1936 numquid
1006 1876 1088 1918 nunc
1103 1875 1135 1919 es

409 1940 538 2003 certiori
1007 1963 1010 1968 ¹

105 2027 198 2088 Mane.
242 2025 306 2105 Ego
325 2025 379 2087 tibi
400 2027 485 2089 istam
500 2026 588 2089 hodie
608 2026 763 2088 scelestam
784 2025 977 2106 comprimam
992 2025 1134 2106 linguam.

410 2112 474 2173 Soa.
509 2111 592 2172 Haud
609 2122 708 2189 potes:
778 2155 780 2158 ψ

105 2195 184 2257 bene
199 2195 365 2275 pudiceque
380 2195 558 2257 adservatur.
602 2195 697 2257 Mane.
729 2196 839 2274 Pergin
855 2191 1039 2273 argutarier?

106 2280 178 2360 quid
189 2282 265 2361 apud
277 2281 364 2342 hasce
376 2281 456 2342 aedis
468 2280 520 2342 tibi
533 2277 681 2360 negotist?
714 2281 777 2341 Sos.
791 2281 884 2342 lmmo
895 2280 964 2359 quid
976 2277 1078 2341 tibist?
1092 2289 1135 2340 330

106 2364 201 2427 Maec.
245 2365 309 2426 Rex
321 2365 395 2427 Creo
409 2365 511 2444 vigiles
526 2375 690 2426 nocturnos
705 2365 838 2444 singulos
852 2383 970 2443 semper
984 2365 1070 2425 locat.

105 2449 172 2512 Sos.
216 2449 297 2511 Bene
311 2450 394 2511 facit:
411 2450 479 2528 quia
496 2469 551 2511 nos
566 2468 683 2511 eramus
697 2450 824 2529 peregri,
840 2458 966 2511 tutatust
980 2448 1076 2530 domi3

104 2544 137 2597 at
150 2552 232 2597 nunc
247 2534 295 2596 abi
310 2553 391 2608 sane,
407 2535 559 2596 advenisse
575 2535 731 2594 familiares
746 2534 844 2595 dicito.

106 2619 201 2681 11030.
244 2620 351 2682 Nescio
366 2638 454 2698 quam
469 2630 503 2679 tu
517 2619 667 2680 familiaris
682 2617 737 2679 sis:
759 2618 816 2680 nisi
830 2626 961 2679 actutum
976 2619 1047 2680 hinc
1062 2617 1134 2691 abis,

107 2704 258 2767 familiaris
273 2704 418 2785 accipiere
432 2706 498 2765 saxo
514 2703 590 2764 haud
606 2702 799 2764 familiariter.
1091 2712 1135 2762 ³55

105 2789 172 2850 Sos.
206 2789 261 2850 Hie
276 2790 398 2868 inquam
413 2788 513 2849 habito
529 2807 584 2868 ego
596 2798 684 2868 atque
695 2788 812 2849 horunc
823 2807 889 2850 sum
901 2806 1010 2849 servos.
1039 2786 1134 2847 Mune.

411 2874 449 2934 m
463 2874 527 2934 scin
543 2870 716 2952 quomodo?

105 2957 209 3021 faciam
224 2977 279 3039 ego
293 2959 382 3020 hodie
397 2968 427 3019 te
448 2957 626 3038 superbum,
647 2957 678 3018 ni
694 2957 763 3018 hinc
780 2956 851 3018 abis.
901 2957 966 3018 Sos.
998 2956 1136 3028 Quonam

411 3041 523 3104 modo?

152 3227 201 3280 336
219 3225 333 3278 terrarim
350 3225 427 3278 130110
508 3223 703 3291 siquis]ubi1l
782 3226 832 3277 338
850 3223 904 3273 11110
921 3231 948 3274 03
964 3224 996 3284 B,
1014 3225 1082 3273 illic·
1101 3224 1136 3287 D,

62 3293 118 3346 illic
135 3293 160 3346 01
177 3294 202 3345 Ε
270 3295 438 3360 perierierunt
455 3293 491 3344 13ι
576 3294 626 3345 339
645 3297 729 3344 certus
747 3298 787 3344 est
804 3292 878 3342 ΒΠΕ
958 3293 1007 3343 340
1026 3290 1070 3356 qui
1088 3290 1135 3342 Ca-

62 3364 209 3425 merarius]
227 3361 305 3428 igitur
322 3362 366 3428 qui
378 3361 435 3426 BD,
452 3361 531 3424 igitur
544 3360 605 3426 quid
617 3361 642 3412 Ε
711 3363 760 3414 343
779 3375 868 3412 servos
883 3372 944 3410 esne
957 3357 1135 3422 Camerarius]

59 3432 214 3482 'seruosne'
291 3431 343 3481 344
360 3429 479 3492 *[veru's]
497 3428 604 3480 verbero
699 3428 813 3480 mentiris
830 3425 947 3478 nunciam
966 3425 1136 3477 Camerarius

61 3498 115 3550 341
133 3497 194 3549 huic
211 3496 298 3548 B¹D1i
408 3511 457 3560 ego
473 3493 512 3545 Db
631 3495 736 3560 *[iussu,
755 3496 831 3558 eius];
853 3495 1004 3559 tripertitae
1021 3496 1137 3545 interro-

62 3567 173 3631 gationi
189 3580 245 3616 aare
256 3568 322 3615 satie
333 3563 403 3625 facit
416 3565 564 3616 Camerarii
580 3565 791 3632 supplementum
803 3563 839 3614 eri
852 3561 920 3624 [mei]
989 3577 1057 3613 nuuc
1074 3562 1135 3628 quid

62 3647 134 3686 nnnc
150 3633 226 3685 BDE
321 3634 371 3686 343
389 3632 498 3684 30010330
516 3633 590 3684 ΕΕΕ
672 3633 741 3688 ,350
759 3631 824 3682 *tibi
841 3630 963 3696 negotist]
982 3628 1078 3695 negotii
1097 3634 1137 3681 est

64 3700 113 3752 tibi
129 3700 189 3766 BD,
206 3701 338 3766 negotium
356 3701 460 3752 esttibi
478 3701 503 3751 Ε
605 3701 655 3754 353
672 3713 779 3766 peregre
882 3699 931 3751 353
950 3701 994 3748 aet
1011 3697 1034 3748 B

64 3768 266 3837 3540033133]
286 3774 409 3836 quantum
426 3768 451 3820 Ε
520 3770 569 3820 355
588 3769 704 3833 accipere
722 3767 778 3828 BD,
796 3765 884 3832 accipe
900 3766 932 3829 Ε,
951 3781 1020 3816 corr.
1038 3784 1053 3820 ς

63 3837 118 3891 356
135 3851 226 3890 servus
243 3851 299 3890 som
317 3836 401 3901 codd,
419 3852 488 3887 corr.
507 3834 677 3888 Garnararias
754 3837 803 3888 353
822 3833 872 3885 nisi
946 3830 1135 3900 quo-ammodo

63 3902 115 3972 Dr,
132 3919 184 3971 quo
202 3905 303 3956 nomina
322 3903 397 3956 modo
415 3905 440 3954 Ε

116 3985 212 4033 Phatne
220 3986 238 4030 1.
917 3986 934 4037 2
