2544 4364
94 143 112 202 8
570 141 689 194 PLAVTl
1012 161 1166 213 proten-124

93 316 192 376 lovem
214 314 399 388 invocarunt,
421 313 510 389 venit,
533 313 640 375 auxilio
663 313 688 376 is
710 313 780 387 suit3

94 407 247 483 praeterea
269 407 350 461 certo
373 398 472 479 prodit
494 398 525 460 in
548 399 707 479 tragoedia.

94 485 172 546 hanc
194 483 323 545 tabulam
345 484 467 564 inquam
488 483 537 545 hic
559 484 692 564 luppiter
712 482 800 544 hodie
823 482 885 563 ipse
908 493 984 565 aget,

95 578 124 630 et
146 588 200 649 ego
223 586 284 629 una
306 587 373 631 cum
395 568 454 630 illo.
499 587 581 630 nune
603 570 675 646 [vos]
697 568 827 629 animum
849 569 1001 644 advortite,
1136 579 1168 630 95

96 655 165 715 dum
187 654 275 715 huius
296 658 505 732 argumentum
527 654 649 732 eloquar
671 652 849 714 comoediae.
996 726 998 729 v

180 738 260 800 llaec
281 737 355 799 urbs
377 746 422 800 est
444 737 577 800 Thebae:
601 738 632 799 in
655 737 747 800 illisce
768 737 879 800 habitat
899 738 1021 801 aedibus

94 823 281 903 Amphitruo,
304 831 391 895 natus
413 823 500 901 Argis
521 843 557 884 cu
579 823 658 902 Argo
680 830 774 903 patre,

95 908 216 989 quicum
238 908 427 969 Alcumenast
450 915 552 987 nupta,
575 907 686 969 Electri
708 908 777 969 tilia.

95 994 120 1056 is
142 1012 224 1054 nunc
247 992 423 1073 Amphitruo
445 994 625 1071 praefectust
647 991 824 1071 legionibus,

96 1096 165 1138 nam
187 1095 255 1138 cum
279 1077 414 1139 Telebois
436 1076 576 1139 bellumst
598 1077 739 1139 Thebano
762 1077 862 1157 poplo.

96 1163 120 1224 is
143 1162 226 1241 prius
248 1180 336 1241 quam
359 1162 429 1224 hine
452 1161 524 1223 abiit
544 1162 668 1241 ipsemet
690 1162 721 1224 in
744 1163 915 1238 exercitum,

97 1246 244 1327 gravidam
266 1247 460 1308 Alcumenam
481 1247 552 1307 lecit
573 1265 696 1308 uxorem
718 1265 810 1308 suam.

97 1349 167 1392 nam
189 1349 243 1411 ego
266 1338 318 1393 vos
340 1331 457 1394 novisse
480 1332 568 1393 credo
591 1332 649 1393 iam
670 1340 704 1392 ut
725 1331 762 1392 sit
783 1335 867 1410 pdter
888 1348 983 1405 meus,

97 1434 185 1496 quam
207 1416 282 1477 liber
301 1417 408 1478 harum
429 1435 529 1479 rerum
551 1419 600 1493 [et]
622 1418 781 1477 multarum
804 1415 859 1478 siet

99 1508 286 1580 quantusque
308 1510 421 1563 amator
443 1501 481 1563 sit
503 1501 582 1579 quod
604 1501 840 1580 complacitumst
861 1500 961 1562 semel.

96 1585 121 1647 is
143 1603 241 1646 amare
264 1587 380 1664 occepit
401 1586 593 1647 Alcumenam
615 1587 690 1646 clam
711 1586 807 1646 virum

97 1687 278 1749 usuramque
301 1671 364 1732 eius
386 1670 520 1750 corporis
542 1669 620 1751 cepit
642 1668 707 1744 sibi,

97 1764 127 1816 et
148 1755 295 1834 gravidam
317 1755 431 1816 fecitis
454 1773 516 1817 eam
540 1773 713 1834 compressu
735 1773 799 1816 suo.

97 1858 189 1914 nunc,
212 1840 248 1902 de
270 1839 432 1901 Alcumena
455 1848 488 1901 ut
509 1858 572 1901 rem
593 1839 719 1901 teneatis
741 1839 860 1913 rectius,

35 1950 36 1953 ¹
96 1925 247 2004 utrimque
269 1932 314 1985 est
335 1925 461 2004 gravida,
485 1933 515 1985 et
537 1944 572 1984 ex
592 1925 655 1984 viro
679 1929 709 1985 et
730 1943 766 1985 ex
787 1940 902 1985 summo
925 1922 1009 1998 love;

98 2016 128 2070 et
148 2028 232 2070 meus
254 2005 338 2088 pater
359 2027 441 2069 nunc
462 2008 543 2070 intus
564 2008 613 2069 hie
635 2026 702 2069 cum
724 2008 772 2068 illa
794 2006 896 2069 cubat:

99 2101 129 2154 et
149 2093 222 2155 haec
244 2094 282 2154 oh
305 2110 368 2154 eam
391 2111 455 2154 rem
478 2111 538 2154 nox
560 2101 605 2154 est
626 2092 701 2153 facta
722 2092 850 2171 longior,

98 2179 169 2238 dum
191 2179 280 2255 [eum]
302 2177 350 2239 illa
373 2196 499 2255 quacum
521 2177 583 2239 volt
603 2176 784 2258 voluptatem
807 2177 900 2257 capit;

98 2262 153 2324 sed
175 2262 214 2324 ita
236 2263 419 2324 adsimulavit
440 2281 472 2323 se
495 2264 578 2342 quasi
600 2262 774 2342 Amphitruo
797 2263 860 2323 siet.

98 2365 181 2408 nunc
204 2365 242 2408 ne
264 2347 344 2409 hunc
367 2354 506 2408 ornatum
526 2367 578 2409 vos
600 2366 699 2409 meum
720 2345 916 2421 admiremini,

99 2433 180 2511 quod
202 2451 256 2512 ego
278 2432 337 2493 huc
359 2432 492 2514 processi
514 2432 556 2494 sic
578 2451 647 2494 cum
669 2432 766 2494 servili
787 2432 915 2506 schema,

97 2524 227 2578 veterem
248 2525 337 2596 atque
359 2517 509 2596 antiquam
531 2536 595 2579 rem
617 2535 722 2578 novam
745 2516 782 2577 ad
804 2536 853 2578 ros
875 2516 1033 2596 proferam.

99 2609 257 2682 propterea
281 2611 403 2664 ornatus
426 2603 456 2662 in
480 2621 588 2663 novom
609 2602 718 2664 incessi
739 2603 874 2664 modum:

99 2704 168 2747 nam
189 2689 272 2747 meus
293 2693 379 2765 pater
397 2687 478 2748 intus
499 2692 582 2747 nunc
604 2695 649 2748 est
670 2705 774 2749 eccum
795 2687 942 2766 luppiter;

100 2770 131 2832 in
154 2770 379 2850 Amphitruonis
400 2770 490 2831 vortit
510 2788 574 2831 sese
597 2770 755 2851 imaginem

100 2873 263 2934 omnesque
285 2873 353 2915 eum
375 2873 439 2917 esse
462 2863 586 2917 censent
607 2855 683 2916 servi
706 2857 757 2934 qui
779 2857 895 2917 vident:

99 2941 139 3001 ita
160 2939 347 3019 vorsipellem
369 2959 401 3000 se
423 2939 493 3000 lacit
515 2938 633 3019 quando
655 2939 747 3001 lubet.

57 3091 71 3100 ¹*
101 3043 155 3105 ego
178 3024 255 3087 servi
275 3024 387 3106 sumpsi
410 3023 510 3085 Sosiae
533 3024 572 3085 mi
595 3024 762 3105 imaginem,

185 3213 218 3263 92
236 3210 421 3262 invocaverunt
432 3209 477 3274 130,
490 3216 646 3263 vocaverunt
657 3211 697 3260 Da
766 3211 800 3263 94
816 3209 858 3260 hic
876 3223 926 3260 om.
943 3208 984 3259 Da
1052 3209 1084 3261 95
1104 3209 1172 3269 [vosl

99 3278 212 3346 Pylades
297 3279 330 3331 96
348 3282 525 3344 argumentum
543 3277 620 3331 huius
636 3278 764 3345 Pplodeo,
782 3277 888 3328 huiusce
906 3291 929 3328 a.
947 3276 1084 3327 Bmttoiua

101 3346 141 3398 elo
160 3362 207 3399 uor
219 3346 322 3397 Elott'ur
340 3347 372 3396 do
391 3345 454 3395 dum
467 3348 568 3411 partie.
586 3361 637 3396 um
648 3347 686 3398 Pl.
700 3346 733 3398 10
751 3343 785 3405 es.
800 3345 830 3396 11
900 3346 932 3397 98
950 3342 1047 3410 Argum
1064 3341 1170 3394 Nonius

100 3417 127 3463 ot
143 3363 252 3465 Amator
269 3413 391 3480 Argivum
409 3413 583 3478 intellegerem
604 3414 654 3464 alti
670 3413 793 3466 Alcaeum
811 3414 1008 3463 salsurae-unt
1023 3410 1108 3478 (Argis
1126 3408 1170 3459 Al-

101 3496 162 3533 caeo
180 3484 252 3549 patre
268 3480 465 3544 Fleolreioecur)
553 3484 599 3534 101
620 3486 659 3533 est
677 3481 773 3533 bellum
791 3480 876 3547 codd„
894 3496 966 3532 corr.
983 3480 1096 3547 Ppludaa

76 3550 197 3616 ,populo
269 3552 317 3602 103
334 3564 440 3602 uxorem
452 3547 513 3600 lecit
525 3549 609 3613 codd,
628 3564 698 3601 corr.
710 3550 855 3600 Fruteodus
926 3551 975 3601 104
992 3547 1121 3600 novissem
1135 3544 1170 3593 Βι

100 3632 172 3669 meus
189 3620 262 3685 pater
281 3618 394 3668 llotbius
492 3619 539 3669 105
559 3621 604 3680 [et]
621 3617 821 3682 Peerlkampiur
919 3618 968 3670 106
986 3615 1036 3667 siet
1139 3611 1171 3662 de

102 3688 299 3737 construetione
316 3681 352 3743 ef.
370 3700 391 3736 e.
406 3700 436 3748 g.
453 3683 487 3736 34
567 3686 614 3737 108
634 3685 719 3752 coepit
735 3683 810 3736 BDE
884 3686 932 3736 112
950 3682 992 3736 hic
1010 3697 1060 3733 om.
1079 3681 1103 3731 Ε

103 3756 152 3806 114
169 3756 245 3816 [eum]
263 3752 463 3803 Lindemannuo
549 3755 596 3805 111
617 3752 665 3804 huc
684 3766 733 3818 ego
749 3752 830 3818 (ergo)
844 3765 880 3818 pr.
894 3767 951 3805 cum
964 3766 984 3804 s.
997 3764 1018 3803 s.
1032 3749 1171 3802 Charisius

101 3822 141 3871 bio
225 3820 339 3888 processi
357 3820 406 3872 buc
423 3818 530 3871 Noniae
547 3821 606 3886 (hue
624 3819 753 3886 praecessi
770 3819 917 3886 Leidonrir)
1019 3817 1115 3870 seruoli
1132 3812 1170 3863 Ba

104 3889 151 3941 120
169 3904 237 3942 nunc
254 3888 335 3940 intust
352 3887 510 3938 llitoolrele’us
528 3890 605 3953 (nunc
622 3889 691 3941 intus
709 3889 831 3952 Bothiur)
