2544 4364
184 165 237 220 Vlll
620 165 804 220 PRAEFATIO

182 339 212 399 in
229 337 464 417 septenariorum
480 356 617 400 versuum
632 337 793 413 dihaeresi,
815 337 959 416 siquidem
973 338 1136 400 inconenos
1159 338 1252 401 inler-

183 423 252 484 dum
262 423 316 484 hos
328 441 448 502 quoque
458 440 561 484 versus
571 423 678 502 longos
685 422 822 484 Plautum
834 423 1036 502 composuisse
1046 421 1186 483 credibile
1198 431 1251 485 est.

182 507 332 570 innumeri
354 517 450 569 autem
472 507 568 569 hiatus
590 526 665 586 quos
686 507 803 570 codices
829 507 973 588 praebent
993 508 1064 586 quin
1089 508 1252 587 antiquitus

181 592 288 667 traditi,
305 610 367 653 non
383 611 489 654 recens
504 592 564 654 nati
579 593 648 666 sint,
672 611 733 653 non
750 591 958 668 dubitabimus,
977 592 1029 654 sed
1046 610 1079 653 en
1093 601 1186 653 aetate
1202 611 1252 653 or-

182 687 228 739 tos
243 677 374 739 dicemus
396 696 454 756 qua
474 684 504 738 et
517 677 587 738 artis
602 677 755 739 Plautinae
769 677 893 739 scientia
915 685 944 739 et
965 677 1161 757 synaloephae
1180 695 1252 738 usus

181 762 321 842 paulatim
336 761 537 838 evanescebat,
559 770 697 841 acceptos
712 770 742 824 et
755 762 820 824 sine
836 761 1019 823 dubitatione
1036 771 1173 842 receptos
1189 780 1251 824 esse

181 847 217 909 ab
233 847 415 908 Hadrianeae
430 847 543 920 aetatis,
567 865 641 925 quae
657 847 714 908 iarn
729 847 761 908 in
775 846 898 908 vocibus
912 847 1017 908 hiulcis
1040 865 1101 907 non
1119 845 1251 908 offende-

180 932 239 1006 bat,
262 932 467 1011 grammaticis.
498 931 577 1011 quod
601 950 636 992 eo
652 932 765 994 iacilius
779 931 843 993 lieri
864 940 980 1012 poterat
996 950 1054 1010 quo
1070 932 1188 1011 saepius
1203 949 1251 992 ac·

181 1017 292 1079 ciderat
306 1026 340 1079 ut
354 1015 503 1078 vocabulis
518 1015 712 1096 transpositis,
734 1016 846 1078 voculis
861 1017 896 1077 ad
911 1025 974 1078 rem
993 1035 1054 1077 non
1078 1015 1252 1078 necessariis

182 1102 306 1176 omissis,
321 1100 481 1164 verborum
496 1101 598 1162 formis
614 1101 644 1162 in
657 1101 805 1162 novicium
820 1101 1009 1181 splendorem
1021 1101 1147 1163 redactis
1162 1101 1252 1162 hiulci

180 1204 283 1248 versus
304 1186 369 1248 sine
391 1186 556 1248 sententiae
577 1185 754 1248 detrimento
775 1186 942 1247 evaderent.
973 1205 1029 1246 nos
1043 1205 1113 1247 vero
1129 1185 1180 1247 ubi
1196 1203 1252 1247 nec

180 1271 280 1350 lingua
301 1271 378 1332 laesa
401 1279 445 1333 est
466 1289 522 1332 nec
544 1271 691 1332 sententia
705 1270 778 1333 tales
791 1289 893 1332 versus
914 1278 993 1332 certa
1015 1271 1129 1331 ratione
1144 1289 1251 1332 recon-

180 1356 321 1417 cinnandi
339 1355 515 1416 adminicula
538 1355 751 1430 desideramus;
773 1355 864 1417 immo
888 1355 1055 1435 complures
1076 1356 1252 1435 plerumque

180 1441 241 1501 viae
256 1448 359 1520 patent
376 1459 452 1519 quae
467 1440 504 1501 ad
518 1441 648 1519 speciem
663 1439 789 1519 aliquam
808 1438 846 1500 ab
862 1449 923 1502 arte
940 1440 1034 1501 Plauti
1049 1460 1110 1501 non
1127 1440 1252 1501 alienam

180 1524 326 1586 deducere
341 1525 473 1604 possint,
495 1525 513 1584 i.
530 1543 556 1586 e.
571 1524 673 1585 ludere
688 1526 823 1605 cogimur
837 1525 889 1604 qui
910 1525 964 1586 ista
980 1525 1137 1587 emendare
1151 1525 1251 1586 stude·

179 1628 254 1671 mus.
284 1610 428 1671 hactenus
442 1609 530 1689 plane
545 1609 617 1670 mihi
632 1611 772 1671 convenit
786 1628 854 1670 cum
870 1609 978 1688 eisqui
994 1629 1055 1670 non
1072 1619 1131 1671 tam
1147 1609 1251 1670 admit-

179 1703 248 1756 tunt
261 1695 372 1756 hiatum
387 1711 476 1774 quam
496 1704 631 1774 pugnant
645 1704 749 1756 contra
771 1695 869 1756 inania
892 1695 1063 1756 criticorum
1085 1694 1250 1756 conamina.

179 1780 210 1840 iu
234 1780 275 1841 eis
297 1779 386 1858 igitur
407 1777 540 1840 versibus
562 1779 613 1857 qui
634 1788 752 1859 praeter
780 1779 891 1841 hiatum
923 1779 1118 1841 offensionem
1141 1778 1251 1840 nullam

180 1864 339 1944 praebent,
362 1863 418 1926 nisi
433 1864 509 1925 sorte
532 1864 642 1926 formas
656 1864 815 1926 verborum
830 1864 933 1925 Plauto
956 1865 1075 1926 usitatas
1095 1865 1251 1926 restituere

179 1958 309 2028 praestat
322 1951 424 2027 (atque
438 1949 558 2028 reposui
581 1949 699 2026 quidem
715 1966 919 2027 quaecumque
941 1957 1021 2010 certa
1035 1968 1099 2011 esse
1113 1948 1250 2021 arbitror,

179 2034 241 2094 cavi
256 2034 378 2095 omnino
394 2051 432 2094 ne
442 2032 549 2096 relicta
560 2033 683 2095 iortasse
694 2035 846 2096 vetustatis
857 2034 976 2114 vestigia
987 2034 1162 2113 corrigendo
1176 2031 1251 2094 obli·

180 2117 320 2194 marem),
343 2117 419 2179 ultra
442 2116 562 2178 traditas
582 2118 748 2179 fabularum
770 2119 975 2195 recensiones,
1003 2119 1021 2180 i.
1045 2137 1070 2180 e.
1094 2120 1170 2180 ultra
1191 2118 1250 2178 lla·

182 2203 320 2264 drianeae
335 2203 435 2264 aetatis
450 2202 657 2281 grammaticos
679 2203 798 2282 prodire
814 2222 874 2264 non
889 2204 967 2265 licet.
997 2204 1096 2282 itaque
1111 2204 1190 2266 inter
1204 2203 1251 2265 in·

181 2296 281 2366 tegros
302 2306 405 2348 versus
426 2287 541 2348 hiantes
563 2287 672 2349 multos
693 2288 815 2367 reliqui,
845 2289 875 2349 in
898 2288 1089 2350 adnotatione
1110 2291 1250 2367 (namque

182 2390 236 2451 pro
258 2372 337 2434 sanis
357 2372 507 2433 venditare
529 2390 586 2433 nec
607 2372 683 2434 volui
699 2391 755 2434 nec
770 2371 870 2449 debui)
895 2373 965 2452 quid
986 2391 1100 2454 ponere
1121 2372 1252 2453 potuerit

181 2465 269 2536 poeta
290 2456 430 2533 indicavi;
453 2475 528 2534 quos
550 2457 630 2518 hiatu
652 2457 770 2519 liberavi
787 2476 889 2520 versus
911 2476 972 2519 non
994 2466 1117 2539 propter
1139 2458 1251 2519 hiatum

182 2542 307 2616 correxi,
323 2542 373 2604 sed
389 2541 453 2603 aliis
468 2540 631 2604 rationibus
646 2543 761 2605 ductus.

266 2627 332 2688 Non
348 2627 424 2687 idem
439 2626 475 2688 de
490 2626 580 2688 rebus
595 2628 725 2689 metricis
740 2627 878 2689 omnibus
898 2627 1057 2689 dicendum
1063 2644 1072 2702 ;
1094 2628 1185 2688 immo
1202 2645 1249 2688 ac·

181 2710 280 2772 cidere
294 2711 369 2772 solet
384 2720 417 2773 ut
438 2718 534 2772 certae
549 2711 628 2790 leges
643 2729 776 2790 quasque
798 2721 915 2791 poetam
939 2711 1110 2774 observasse
1131 2711 1249 2792 probari

181 2796 275 2874 possit
289 2815 351 2857 non
374 2795 439 2857 sine
460 2795 625 2856 sententiae
647 2796 745 2875 aliquo
769 2797 947 2858 detrimento
962 2798 1119 2859 violentur.
1156 2795 1248 2858 canti-

181 2897 284 2941 corum
308 2888 405 2942 autem
424 2879 546 2941 liberius
567 2881 761 2942 formatorum
783 2880 838 2941 arti
861 2883 1085 2959 cognoscendae
1106 2882 1177 2944 satis
1199 2882 1250 2941 lir-

181 2983 262 3026 mum
283 2965 496 3045 praestiterunt
517 2965 635 3026 codices
657 2965 687 3027 in
704 2965 875 3028 colometria
898 2985 959 3027 non
979 2967 1066 3029 nimis
1086 2984 1103 3026 a
1122 2963 1250 3026 hbrariis

181 3047 336 3111 obscurata
350 3051 585 3111 tundamentum.

266 3133 461 3215 interpolatas
476 3133 512 3195 ah
524 3133 717 3196 histrionibus
729 3134 841 3197 fabulas
853 3144 883 3194 et
894 3142 1074 3209 retractatas,
1090 3133 1250 3196 nonnullas

180 3219 211 3280 in
227 3218 347 3281 brevius
358 3227 523 3280 contractas
537 3220 582 3281 vel
597 3238 632 3280 en
647 3227 752 3299 poetae
763 3219 896 3282 versibus
911 3228 940 3281 et
954 3227 1179 3282 retractatorum
1194 3218 1250 3279 dit-

180 3304 342 3385 tographiis
357 3303 550 3365 concinnatas
573 3304 630 3364 iam
646 3303 738 3365 Varro
762 3304 923 3379 invenerat,
946 3305 1029 3366 cuius
1051 3305 1094 3365 rei
1117 3322 1178 3364 non
1196 3303 1250 3364 ob·

181 3407 266 3450 scura
287 3388 395 3450 indicia
417 3388 524 3468 partim
545 3389 641 3467 primo
658 3388 764 3451 obtutu
786 3397 1008 3469 cognoscuntur
1029 3389 1136 3469 partim
1150 3407 1166 3448 a
1181 3388 1250 3448 viris

181 3473 275 3535 doctis
290 3482 370 3534 certa
380 3473 494 3534 ratione
505 3472 639 3553 indagata
651 3482 731 3535 sunt.
761 3491 938 3553 quamquam
954 3473 1032 3552 quod
1049 3474 1079 3534 in
1092 3474 1148 3534 hoc
1160 3491 1250 3550 quae·

181 3558 312 3619 stionum
325 3577 436 3637 genere
451 3559 580 3638 primurn
596 3577 660 3620 esse
676 3558 776 3632 debet,
793 3560 933 3620 nimirum
949 3577 1035 3637 quarn
1052 3559 1114 3637 ipse
1131 3557 1250 3618 Plautus

181 3643 212 3704 in
228 3644 443 3722 exemplaribus
462 3644 576 3723 graecis
598 3643 720 3705 barbare
736 3644 883 3705 vertendis
904 3644 1047 3705 rationem
1067 3652 1117 3704 aut
1131 3649 1250 3704 secutus

181 3726 220 3788 sit
233 3735 284 3788 aut
304 3729 397 3808 possit
417 3737 536 3790 seculus
552 3747 624 3801 esse,
646 3728 708 3789 lere
730 3728 908 3789 distulerunt
921 3746 1062 3808 quaerere
1084 3727 1135 3806 qui
1151 3726 1186 3788 de
1202 3744 1249 3786 re-

179 3813 403 3954 ppabctationibus
418 3825 553 3893 egerunt.
584 3812 635 3874 sed
654 3815 689 3874 de
705 3813 749 3875 his
765 3813 855 3875 rebus
877 3813 1044 3893 disputandi
1060 3812 1114 3873 alia
1134 3811 1249 3873 occasio

200 3913 215 3954 a
238 3904 306 3958 rtur.
