2544 4364
102 188 245 241 proice-or
549 169 742 223 mufflruvo

105 363 176 406 nam
195 362 244 405 me
266 351 410 423 perpetuo
432 345 530 406 facere
551 352 586 404 ut
606 343 645 405 sit
666 343 826 420 comoedia,

106 449 192 511 reges
215 447 273 507 quo
295 428 415 489 veniant
436 441 465 490 et
487 428 526 502 di,
548 438 610 489 non
632 447 687 508 par
709 428 846 491 arbitror.

104 515 178 594 quid
199 511 309 594 igitur?
333 514 474 592 quoniam
494 513 544 575 hic
565 531 665 575 servos
687 533 807 593 quoque
829 521 927 594 partes
949 515 1047 594 habet,

104 600 211 661 faciam
233 598 279 673 sit,
301 597 427 676 proinde
448 606 483 659 ut
505 597 573 670 dini,
595 598 833 676 tragicomoedia.

105 703 189 747 nunc
210 684 268 745 hoc
290 701 337 743 me
359 701 445 744 orare
466 701 483 742 a
504 682 586 744 vobis
608 683 693 744 iussit
713 683 856 764 luppiter,

104 778 139 830 ut
160 777 391 848 conquaestores
412 768 528 846 singula
550 768 581 828 in
603 768 743 829 subsellia

102 864 175 915 eant
195 872 250 933 per
270 860 363 912 totam
384 871 499 915 carneam
521 851 748 933 spectatoribus,

101 940 129 1000 si
152 939 223 1018 quoi
243 937 381 998 favitores
403 937 552 1017 delegatos
574 938 710 1014 viderint,

102 1033 138 1084 ut
159 1025 184 1085 is
205 1024 237 1084 in
261 1028 347 1084 cavea
368 1022 477 1103 pignus
500 1023 654 1102 capiantur
675 1033 770 1101 togae.

100 1109 127 1169 si
150 1108 202 1187 qui
224 1107 294 1186 quoi
316 1106 470 1169 ambissint
490 1107 618 1188 palmam
639 1109 696 1185 [cx]
717 1107 911 1170 histrionibus

101 1211 156 1254 seu
178 1193 339 1271 quoiquam
360 1192 473 1267 artifici,
496 1193 598 1272 siper
620 1192 745 1271 scriptas
766 1193 877 1256 litteras

100 1296 155 1338 seu
176 1277 228 1356 qui
249 1277 313 1356 ipse
335 1277 465 1338 ambissit
486 1296 539 1338 seu
560 1296 616 1357 per
637 1277 864 1353 internuntium,

100 1362 162 1423 sive
184 1363 258 1422 adeo
280 1361 387 1423 aediles
408 1362 567 1442 perfidiose
589 1362 659 1440 quoi
682 1362 776 1437 duint,

99 1447 246 1526 sirempse
267 1447 363 1524 legem
386 1447 471 1508 iussit
493 1466 557 1508 esse
579 1446 721 1526 luppiter,

99 1531 187 1610 quasi
209 1531 412 1609 magistratum
434 1531 491 1593 sibi
512 1532 632 1592 alterive
655 1530 819 1594 ambivarit.

101 1616 209 1676 virtute
232 1616 304 1676 dixit
325 1635 375 1678 vos
396 1617 523 1678 victores
545 1617 650 1690 vivere,

101 1719 164 1760 non
186 1700 346 1761 ambitione
368 1719 466 1780 neque
489 1701 626 1790 pertidia:
650 1701 701 1778 qui
723 1701 822 1762 minus

99 1785 203 1847 eadem
224 1785 361 1847 histrioni
383 1786 421 1847 sit
442 1786 488 1846 lex
512 1804 587 1864 quae
608 1803 723 1847 summo
745 1783 830 1846 viro?

98 1871 209 1931 virtute
231 1869 341 1930 ambire
364 1878 490 1948 oportet,
514 1889 576 1930 non
599 1870 779 1931 lavitoribus.

98 1965 146 2016 sat
167 1954 257 2016 habet
276 1955 432 2015 favitorum
454 1973 574 2034 semper
594 1956 646 2032 qui
668 1963 749 2015 recte
770 1954 848 2029 lacit,

97 2041 124 2101 si
146 2039 204 2101 illis
225 2039 297 2100 fides
320 2048 363 2100 est
385 2037 493 2117 quibus
515 2048 560 2100 est
581 2058 615 2100 ea
637 2058 685 2100 ras
707 2040 737 2100 in
759 2057 860 2101 manu.

99 2125 158 2186 hoc
180 2142 299 2203 quoque
322 2124 410 2185 etiam
431 2125 503 2185 mihi
526 2124 595 2200 [ille]
619 2124 649 2185 in
672 2123 817 2186 mandatis
839 2122 927 2198 dedit,
955 2131 961 2148 ¹

99 2219 134 2270 ut
156 2217 386 2287 conquaestores
407 2210 515 2270 fierent
535 2209 745 2271 histrionibus:

96 2295 152 2372 qui
174 2294 229 2355 sibi
251 2295 418 2355 mandasset
439 2293 565 2373 delegati
586 2302 620 2354 ut
640 2294 815 2373 plauderent

97 2379 188 2458 quive
209 2379 283 2439 alter
305 2397 363 2456 quo
386 2379 519 2458 placeret
540 2378 658 2440 lecisset
680 2380 788 2453 minus,

97 2464 163 2525 eius
186 2470 359 2524 ornamenta
381 2473 410 2524 et
432 2465 546 2525 corium
568 2464 611 2523 uti
633 2464 834 2525 conciderent.

98 2548 200 2609 mirari
222 2548 315 2608 nolim
336 2568 388 2610 vos
410 2557 593 2629 quapropter
614 2548 747 2626 luppiter

99 2652 182 2694 nunc
205 2633 363 2694 histriones
386 2641 478 2693 curat.
523 2631 748 2693 nemiremini:

99 2719 163 2797 ipsc
185 2720 262 2778 hanc
284 2725 417 2778 acturust
437 2717 571 2796 luppiter
593 2715 784 2777 comoediam.

96 2799 194 2880 quid?
215 2802 370 2862 admiratio
394 2800 486 2864 estis?
508 2801 683 2881 quasivero
706 2819 813 2863 novom

100 2905 182 2948 nunc
202 2888 381 2966 proseratur,
403 2887 501 2948 lovem
523 2888 621 2948 facere
643 2886 837 2948 histrioniam.
1143 2897 1172 2948 tto

97 2971 186 3032 etiam
207 2971 366 3033 histriones
388 2991 467 3033 anno
491 2990 582 3050 quom
603 2972 634 3032 in
656 2971 831 3051 proscaenio
854 2970 902 3032 hic

182 3173 214 3224 61
233 3186 278 3237 per
294 3173 328 3235 D,
346 3186 393 3238 pur
405 3172 443 3222 Ea
513 3175 546 3225 65
564 3171 760 3238 conquisitores,
778 3174 842 3221 item
853 3171 903 3232 82;
920 3170 956 3231 cf.
976 3172 1064 3224 Varro
1077 3171 1109 3222 da
1121 3173 1138 3224 i.
1151 3173 1170 3226 i.

96 3240 123 3304 6,
141 3238 174 3292 79
242 3239 337 3305 singuli
355 3237 442 3290 autu
457 3240 537 3304 (unde
554 3240 698 3290 Fabricius
711 3239 803 3290 Servio
822 3239 934 3300 addidit,
952 3239 983 3288 ΙΙ
996 3238 1055 3303 287,
1066 3239 1101 3291 22
1112 3238 1170 3306 Th.)

97 3309 130 3359 67
149 3306 262 3358 lautores
278 3308 302 3360 B
318 3306 425 3359 Nonius
542 3308 574 3360 68
593 3308 625 3358 iis
745 3309 777 3359 69
801 3307 873 3359 *sive
895 3306 942 3373 qui
958 3305 1098 3358 ambissent
1115 3307 1170 3372 pal·

97 3389 167 3426 mam
184 3373 350 3426 histrionibus
364 3376 438 3426 codd.
456 3375 489 3439 (si
507 3375 550 3442 qui
570 3379 596 3424 ai
607 3375 723 3427 ambissit
734 3376 889 3438 Frutarius,
907 3373 1041 3425 ambissint
1053 3373 1170 3426 llitacde·

97 3443 160 3508 iius)
242 3445 277 3494 to
293 3443 348 3495 sive
366 3443 485 3510 cuiqnam
503 3442 589 3506 codd,
606 3458 677 3498 corr.
694 3445 796 3495 Pareae
856 3442 925 3494 *seu
944 3441 1019 3493 codd.
1036 3444 1064 3507 (i.
1082 3459 1104 3499 c.
1122 3444 1169 3509 sei)

99 3514 128 3562 'il
151 3510 206 3562 siva
225 3510 269 3575 qui
292 3512 379 3577 codd,
404 3526 475 3562 corr.
492 3509 651 3561 Ritecdciius
754 3511 876 3562 ambisset
892 3510 956 3574 ΠΕ,
980 3511 1121 3563 ambissent
1137 3513 1170 3578 B,

96 3578 334 3629 domumculam
402 3581 433 3630 '12
452 3577 576 3630 audibiles
588 3579 612 3628 B
682 3581 713 3630 73
731 3579 754 3629 si
772 3578 882 3631 similem
898 3593 953 3630 rem
969 3578 1025 3644 ipse
1043 3579 1070 3630 in
1085 3579 1169 3645 legem

97 3646 183 3709 codd,
201 3661 271 3697 corr.
289 3645 413 3711 Scaliger
430 3647 472 3707 (da
491 3647 643 3712 corruptela
661 3645 696 3706 cf.
713 3647 784 3699 reat.
799 3663 827 3712 p.
840 3646 901 3710 344)
971 3647 1170 3699 talaberam

96 3715 130 3766 at
151 3713 214 3776 [ille]
232 3713 345 3780 Pyladea
415 3716 445 3766 83
465 3714 629 3766 mandassent
647 3714 731 3779 codd,
749 3731 818 3765 corr.
834 3714 971 3765 Beothius
1040 3717 1073 3766 84
1091 3714 1168 3781 quive

96 3796 151 3849 quo
168 3780 300 3848 placerent
317 3781 382 3834 alter
399 3782 488 3848 codd,
512 3799 583 3834 corr.
604 3781 722 3848 Geyetos
739 3782 861 3848 (placeret
879 3783 953 3845 maa)
1039 3785 1071 3835 89
1090 3782 1169 3834 admi·

96 3849 243 3929 raticodd,
261 3849 479 3968 campanianus
548 3854 580 3903 90
599 3849 672 3902 *eum
691 3850 775 3902 lacere
844 3853 874 3903 91
895 3855 963 3916 ante,
981 3865 1059 3917 quom
1078 3850 1170 3902 Vesto-

92 3931 160 3981 gam
228 3933 254 3968 ru
272 3934 323 3969 om.
358 3919 367 3936 ¹
