2544 4364
68 200 132 251 rna,
143 200 235 244 ue-rr
244 201 262 251 1,
273 201 297 242 re
525 184 678 238 ASlNARlA
1095 186 1134 244 81

67 363 186 418 nostros
202 356 348 436 dispulsos
363 357 505 436 conpulit.
550 356 640 418 Lnon.
671 357 821 434 [Patierin
836 357 1021 438 Argyrippo]

66 450 181 521 patrem
197 442 273 503 hanc
290 443 447 522 amplexari
463 438 568 503 tuom?
612 443 683 503 dne.
706 443 784 503 llaec
796 443 881 504 saciet
891 444 975 505 facile
987 453 1021 505 ut
1030 444 1133 524 patiar.

66 526 206 601 Leonida,
222 546 310 589 curre
326 528 458 602 obsecro,
475 537 589 607 patrem
603 529 662 589 huc
677 536 758 589 orato
773 536 807 589 ut
820 529 926 589 veniat.
1091 541 1135 591 ‘ltu

65 611 157 674 Lnou.
187 613 246 672 lam
262 613 504 675 dudumstintus.
549 613 620 673 Aac.
643 613 705 675 Hac
720 614 1012 692 quidemnonvenit.
1042 615 1133 676 Lnou.

419 698 583 777 Angiporto

64 782 131 842 illac
146 801 201 861 per
215 783 333 844 hortum
350 784 462 844 circum
477 784 510 844 iit
525 784 608 859 clam,
627 802 664 844 ne
680 783 746 863 quis
761 803 794 844 se
809 785 921 847 videret

63 867 181 928 hucine
197 869 397 930 familiarium:
416 888 454 930 ne
470 888 546 930 uxor
560 869 700 931 resciscat
715 870 828 930 metuit.

63 953 101 1012 de
116 962 239 1032 argento
256 954 279 1014 si
295 964 388 1015 mater
402 963 452 1015 tua
467 954 539 1014 scidt
553 963 586 1015 ut
601 955 639 1015 sit
653 957 763 1015 lactum
778 989 820 998 -
862 956 934 1016 Aac.
965 955 1046 1029 Heia,

62 1036 253 1100 benedicite.
297 1040 359 1101 Lm.
389 1039 432 1100 lte
447 1040 526 1100 intro
542 1040 610 1101 cito.
653 1043 725 1100 Aac.
756 1040 864 1101 Valete.
908 1040 999 1102 Lnon.
1029 1041 1067 1103 El
1081 1060 1132 1102 vos

418 1134 521 1186 amate.
1088 1137 1131 1187 ‘145

332 1360 562 1423 nllssotvs
607 1361 862 1424 Panlslrvs
1049 1363 1127 1425 1v1

60 1464 142 1525 Dina.
172 1463 304 1542 Agedum
319 1465 407 1526 istum
423 1465 546 1525 ostende
568 1484 655 1543 quem
677 1465 851 1546 conscripsti
865 1468 1067 1546 syngraphum

60 1548 201 1610 interme
216 1558 245 1610 et
260 1550 384 1611 amicam
399 1558 429 1611 et
443 1551 549 1611 lenam.
580 1551 660 1630 leges
674 1551 796 1630 pellege.

60 1652 128 1701 nam
145 1643 177 1696 tu
191 1643 278 1715 poeta
293 1655 326 1696 es
340 1654 463 1715 prorsus
478 1635 514 1695 ad
529 1654 593 1696 eam
609 1654 672 1696 rem
687 1637 803 1698 unicus.

59 1718 129 1779 Pan.
161 1720 320 1782 Horrescet
335 1722 401 1782 laxo
416 1722 494 1794 lena,
510 1720 590 1800 leges
605 1740 695 1800 quom
710 1722 816 1784 audiet.

59 1804 142 1865 Dran.
178 1806 239 1885 Age
260 1824 367 1884 quaeso
389 1807 430 1866 mi
450 1807 549 1867 hercle
570 1807 726 1886 translege.
778 1806 845 1870 Pan.
884 1805 1003 1868 dudiu‘.l
1046 1808 1128 1869 Due.

413 1890 518 1952 Audio.
1085 1905 1128 1954 ‘150

57 1973 127 2038 Pan.
155 1967 308 2036 ‘lliabolus
323 1975 424 2037 Glauci
439 1977 516 2037 lilius
532 1976 696 2037 Cleaeretac

57 2058 141 2120 lenae
157 2059 236 2120 dedit
250 2061 328 2121 dono
344 2061 460 2140 argenti
474 2061 577 2141 viginti
593 2062 698 2135 minas,

56 2144 241 2205 Philaenium
257 2155 290 2206 ut
304 2165 405 2208 secum
420 2154 498 2208 esset
514 2155 617 2208 noctes
633 2156 662 2206 et
676 2146 738 2207 dies

54 2229 137 2290 hunc
153 2249 263 2291 annum
280 2223 392 2292 totum.³
441 2233 522 2293 Dran.
552 2233 654 2310 Neque
670 2249 737 2291 cum
753 2232 893 2310 quiquam
909 2231 965 2292 alio
981 2233 1108 2310 quidem.

55 2314 125 2374 Pln.
152 2313 296 2376 Addone‘l
339 2317 420 2377 Dran.
447 2318 538 2391 adde,
554 2325 584 2377 ct
594 2316 705 2377 scribas
716 2316 780 2377 vide
795 2317 882 2396 plane
898 2327 927 2377 ct
937 2317 1041 2395 probe.
1083 2329 1126 2378 755

56 2399 125 2461 Pan.
151 2394 303 2462 ‘Alienum
317 2402 467 2462 hominem
482 2402 562 2462 intro
577 2403 673 2462 mittat
687 2402 847 2462 neminem.

54 2486 133 2562 quod
150 2485 198 2546 illa
213 2491 264 2547 adt
278 2487 404 2548 amicum
419 2495 469 2547 aut
483 2495 642 2565 patronum
658 2487 800 2561 nominet

54 2578 105 2631 aut
120 2570 199 2648 quod
213 2571 263 2631 illa
278 2571 387 2633 amicae
403 2573 493 2648 [suae]
508 2580 667 2632 amatorem
684 2571 843 2650 praedicet,

54 2654 134 2716 fores
149 2656 283 2718 occlusae
300 2657 437 2717 omnibus
453 2657 512 2717 sint
528 2657 585 2717 nisi
600 2656 664 2717 tibi.

53 2739 85 2800 in
100 2741 214 2802 loribus
228 2741 338 2802 scribat
353 2751 525 2821 occupatam
541 2761 604 2805 esse
619 2761 660 2803 se.

53 2833 104 2885 aut
120 2826 199 2904 quod
214 2827 262 2887 illa
278 2827 355 2887 dicat
369 2846 493 2907 peregre
508 2828 622 2888 allatam
640 2826 804 2907 epistulam,

54 2929 93 2970 nc
109 2911 232 2989 epistula
248 2912 366 2990 quidem
383 2913 440 2974 ulla
456 2913 538 2973 sitin
555 2912 676 2974 aedibus

53 3014 110 3056 nec
125 3005 222 3056 cerata
236 2998 308 3058 adeo
323 2997 430 3059 tabula.
462 2999 530 3060 etsi
547 3017 604 3077 qua
619 2997 732 3058 inutilis

138 3131 187 3182 738
205 3129 279 3196 disp]
298 3130 439 3197 discipulos
456 3132 490 3195 D,
509 3136 536 3182 ei
553 3131 682 3195 dispulsos
700 3132 743 3181 E'
819 3132 876 3182 736.
897 3131 944 3181 739
963 3129 1070 3193 patierin
1089 3158 1120 3166 -

51 3200 123 3248 tuom
143 3213 192 3249 om.
203 3199 278 3251 codd.
285 3218 295 3261 ,·
312 3198 416 3264 palieris
427 3199 488 3264 Arg.
497 3199 629 3263 Angelius
640 3200 774 3264 suppleuit
788 3197 906 3262 (patierin
914 3197 1120 3261 Flecloieoous);

50 3281 75 3316 c.
95 3265 145 3317 739
163 3267 238 3319 codd.
256 3271 341 3317 totum
359 3270 483 3319 cultibcnl
497 3272 560 3332 post
576 3283 600 3320 o.
611 3267 662 3318 760
731 3266 807 3318 facile
825 3266 902 3317 saciet
920 3263 943 3313 B
960 3266 1044 3314 altero
1064 3265 1121 3315 loco

51 3335 101 3385 746
120 3349 192 3386 curre
211 3351 234 3387 o.
253 3335 364 3387 Leonida
382 3335 527 3386 Muellerus
594 3334 636 3386 hic
651 3335 686 3385 B¹
756 3338 804 3388 741
822 3334 886 3386 Anu.
904 3331 1051 3402 Acidulius‚
1071 3348 1120 3384 om.

51 3401 127 3453 codd.
188 3404 237 3454 742
247 3403 357 3454 *circum
367 3403 406 3467 iit]
421 3405 515 3455 circum
528 3403 549 3454 it
557 3404 615 3468 Du,
633 3403 780 3454 circumitB
840 3400 932 3452 viderit
992 3402 1040 3452 745
1050 3403 1121 3452 inter

46 3485 178 3535 personas
196 3471 334 3521 distribuit
350 3473 450 3523 Parcus
518 3473 568 3524 746
587 3471 712 3522 Drnnocvs
730 3484 886 3522 monnscnns
904 3469 1070 3532 (nnvcnscnns
1087 3471 1120 3533 Ε)

49 3552 187 3589 rannsrrvs
205 3538 261 3601 BE,
283 3555 333 3591 om.
351 3541 376 3589 Ι)
445 3539 618 3605 conscripsisti
688 3543 736 3591 747
755 3540 856 3604 pellege
874 3542 988 3588 testatur
1005 3539 1120 3588 Praeca-

48 3622 101 3656 nue
118 3607 232 3674 (perlege
250 3607 332 3672 BDE)
414 3611 462 3661 751
482 3608 564 3660 clauci
632 3608 788 3659 cleaeraetae
806 3608 853 3670 Da,
872 3606 1012 3657 cleaeratae
1030 3603 1120 3670 ΜΕ),

49 3674 193 3726 claearatae
210 3675 233 3725 B
302 3677 351 3727 752
370 3675 439 3728 dedit
456 3676 530 3728 lenae
547 3677 715 3727 Abraltcmuc
731 3680 763 3726 et.
781 3676 819 3727 PL
831 3673 882 3727 212
950 3677 1000 3726 755
1018 3672 1065 3724 ade
1082 3674 1120 3724 Ba

48 3743 208 3808 *perscribas
279 3746 327 3795 756
345 3744 480 3796 homonem
499 3744 664 3810 Spengellus,
682 3742 716 3804 cf.
736 3743 793 3796 775.
807 3743 857 3794 779
926 3742 968 3805 [ad
986 3745 1023 3804 se]
1041 3742 1119 3794 nemi·

48 3825 108 3862 nem
125 3811 238 3877 lffpladec
328 3815 376 3864 757
396 3812 504 3864 amicum
523 3817 614 3876 [suom]
633 3813 778 3862 lumbicus
867 3810 981 3862 nominel
996 3811 1120 3877 Pyladoc]

48 3879 177 3930 neminem
246 3883 294 3932 758
313 3883 393 3942 [suae]
414 3881 569 3932 Gulielmius
638 3883 687 3933 759
706 3881 780 3944 [eius]
798 3880 916 3932 omnibus
933 3877 1119 3929 Fleckeisenus

49 3949 100 3999 760
119 3950 268 4012 occupatam
287 3948 356 4010 [iarn]
373 3947 559 4001 Fleckeiconue
629 3951 678 4001 762
696 3949 746 4000 ulla
766 3949 869 4016 quidem
887 3947 914 3997 Ε1

100 4030 193 4072 Plenus
203 4031 220 4071 l.
897 4034 913 4082 6
