2544 4364
125 171 165 228 96
600 173 719 228 PLAVTI
1038 197 1198 248 rum-am

126 346 203 424 quod
226 362 272 406 me
295 345 430 408 sollicitat
451 345 596 426 plurumis
616 345 755 406 miserum
779 348 882 411 modis.
904 383 947 394 —

124 431 226 491 Srnen.
270 431 406 492 Noenum
428 440 575 493 mecastor
597 429 667 510 quid
690 448 744 509 ego
767 451 818 493 ero
841 434 934 496 dicam
957 454 1021 496 meo

122 517 215 577 malae
237 516 280 577 rei
303 518 433 579 evenisse
456 535 579 597 quamve
601 516 755 590 insaniam,

123 619 198 680 queo
222 603 421 677 comminisei;
445 603 484 663 ita
506 621 553 663 me
575 603 712 662 miseram
734 602 769 662 ad
791 603 872 665 hune
893 606 1012 666 modum

122 686 218 748 decies
239 687 286 747 die
308 707 369 748 uno
391 706 478 767 saepe
501 687 628 749 extrudit
649 685 778 748 aedibus.
1163 703 1191 753 uo

122 773 222 834 nescio
245 773 295 851 pol
318 792 393 851 quae
415 773 505 833 illunc
527 773 677 833 hominem
700 773 893 852 intemperiae
914 783 1035 837 tenent:

120 857 271 937 pervigilat
293 866 396 919 noctes
417 867 501 931 totas,
525 866 587 919 tum
610 864 707 917 autem
730 857 873 920 interdius

120 944 202 1021 quasi
224 942 344 1004 claudus
367 952 449 1004 sutor
470 943 548 1004 domi
570 943 652 1004 sedet
672 950 751 1002 totos
773 944 844 1004 dies.

120 1047 217 1107 neque
240 1030 297 1089 iam
319 1047 378 1107 quo
401 1037 487 1107 pacto
510 1029 603 1089 celem
626 1027 704 1088 erilis
725 1028 801 1089 liliae

118 1115 270 1191 probrum,
292 1114 460 1193 propinqua
482 1112 629 1192 partitudo
653 1111 722 1190 quoi
744 1114 863 1192 appetit,

119 1215 195 1276 queo
218 1199 417 1272 comminisci3
440 1217 538 1277 neque
560 1199 717 1277 quicquam
742 1199 859 1259 meliust
880 1199 960 1275 mihi,

118 1292 150 1344 ut
173 1284 288 1364 opinor,
313 1302 400 1364 quam
422 1303 457 1344 ex
480 1302 527 1344 me
549 1292 583 1343 ut
603 1301 693 1344 unam
715 1283 819 1344 laciam
841 1284 968 1345 litteram

117 1368 244 1449 longam,
267 1371 386 1446 [meum]
409 1369 514 1447 laqueo
537 1368 644 1430 collum
667 1368 785 1446 quando
809 1369 1006 1430 obstrinxero.

117 1453 203 1515 Evon.
248 1455 334 1516 Nunc
356 1455 505 1515 defaecato
528 1454 645 1514 demum
669 1453 767 1513 animo
791 1454 928 1532 egredior
949 1456 1047 1530 domo,
1135 1454 1183 1517 12

116 1549 271 1619 postquam
293 1540 429 1619 perspexi
452 1540 528 1600 salva
551 1558 614 1600 esse
635 1539 715 1598 intus
738 1541 845 1599 omnia.
1157 1549 1187 1600 8⁰

116 1626 178 1686 redi
201 1625 340 1686 nunciam
362 1626 441 1685 intro
464 1633 552 1704 atque
574 1624 654 1684 intus
676 1641 767 1684 serva.
812 1626 915 1685 Srlnn.
946 1621 1114 1703 Quippini‘l

116 1728 171 1788 ego
193 1711 273 1772 intus
294 1708 429 1771 servem‘l
452 1728 488 1770 an
513 1729 551 1770 ne
574 1709 639 1788 quis
661 1709 747 1768 aedes
769 1708 903 1770 auferat?

116 1814 185 1856 nam
207 1796 255 1856 hic
277 1794 353 1876 apud
377 1815 430 1856 nos
453 1795 526 1855 nihil
541 1802 585 1856 est
607 1792 684 1854 aliud
708 1794 819 1872 quaesti
842 1794 971 1856 furibus:

115 1881 153 1940 ita
176 1881 283 1942 inaniis
304 1889 375 1942 sunt
395 1881 531 1960 oppletae
553 1889 639 1958 atque
661 1879 785 1939 a‘raneis.

115 1964 201 2026 Evon.
244 1966 349 2026 llirum
372 1967 443 2044 quin
468 1974 516 2025 tua
540 1983 586 2024 me
608 1981 695 2026 causa
718 1965 804 2024 faciat
825 1964 959 2043 luppiter
1154 1974 1184 2025 85

115 2050 281 2130 Philippum
304 2068 404 2129 regem
428 2058 478 2110 aut
499 2051 626 2110 Dareum
649 2067 740 2121 nune,
762 2050 939 2110 trivenelrea.

115 2154 236 2197 araneas
257 2136 297 2196 mi
320 2155 374 2213 ego
390 2134 452 2194 illas
475 2135 583 2195 servari
604 2133 680 2194 volo.

113 2239 226 2301 pauper
247 2240 329 2297 sum;
352 2221 455 2293 fateor,
478 2219 588 2298 patior;
612 2217 690 2297 quod
713 2217 742 2277 di
763 2219 834 2279 dant
855 2219 929 2279 lero.

113 2305 161 2366 abi
183 2307 271 2380 intro,
294 2306 416 2366 occlude
438 2306 566 2366 ianuam.
610 2304 667 2364 iam
690 2322 745 2382 ego
767 2303 815 2364 hic
837 2322 899 2364 ero.

113 2410 181 2451 cave
204 2396 378 2471 quemquam
402 2391 528 2451 alienum
552 2391 581 2450 in
605 2388 683 2450 aedis
705 2389 785 2449 intro
807 2390 931 2450 miserie.

113 2477 192 2556 quod
215 2477 358 2556 quispiam
381 2477 481 2555 ignem
504 2483 633 2554 quaerat,
656 2474 803 2551 exstingui
825 2475 900 2549 volo,

113 2581 151 2623 ne
174 2580 276 2624 causae
297 2562 368 2641 quid
389 2562 426 2623 sit
448 2562 528 2641 quod
550 2570 578 2621 te
601 2560 755 2639 quisquam
779 2560 932 2637 quaeritet.

113 2666 180 2708 nam
202 2648 227 2708 si
248 2648 325 2725 ignis
346 2648 430 2721 vivet,
454 2655 486 2706 tu
509 2645 682 2722 extinguere
705 2644 882 2723 extempulo.

111 2743 174 2792 turn
196 2750 300 2811 aquarn
323 2733 470 2808 aufugisse
493 2729 591 2803 dicito,
614 2731 638 2790 si
662 2730 727 2808 quis
749 2738 838 2808 petet.

112 2817 248 2891 cultrum,
270 2817 407 2889 securim,
430 2815 580 2895 pistillum,
603 2815 786 2888 mortarium,
1149 2825 1178 2876 95

112 2920 186 2980 quae
208 2902 317 2962 utenda
338 2920 404 2962 vasa
427 2918 544 2979 semper
564 2899 653 2960 vieini
675 2907 791 2978 rogant,
1221 2858 1225 3007 4

111 2990 191 3047 l'ures
212 2987 327 3048 venisse
348 2996 436 3065 atque
458 2984 612 3045 abstulisse
634 2984 732 3044 dicito.

110 3072 243 3151 prolecto
266 3071 296 3131 in
320 3071 398 3132 aedis
420 3088 499 3131 meas
521 3088 568 3129 me
590 3069 712 3129 absente
735 3068 884 3129 neminem

109 3157 174 3218 volo
197 3157 383 3217 intromitti.
428 3167 515 3234 atque
538 3155 624 3216 etiam
646 3155 703 3215 hoc
726 3154 863 3233 praedico
887 3153 950 3226 tibi,

110 3243 134 3304 si
156 3243 238 3302 Bona
261 3241 391 3302 Fortuna
413 3243 518 3314 veniat,
541 3261 579 3302 ne
602 3241 680 3301 intro
702 3239 826 3300 miseris.
954 3320 956 3325 A
1134 3247 1176 3298 tut

195 3462 226 3510 67
245 3474 294 3538 noe
312 3473 371 3509 num
418 3473 470 3538 'ero
489 3458 580 3537 egolj]
631 3460 662 3510 69
681 3457 871 3537 comminiscere
884 3456 999 3506 noenius
1052 3455 1176 3534 inficio,

110 3542 192 3627 '¹⁸³⁰‘
212 3525 726 3660 ‘¹ltlttld‘llttttltttlr'¹¹¹
759 3523 1097 3656 ,llllll’lluffimll
1115 3537 1177 3642 ”tt

109 3597 215 3715 slirixero
230 3611 287 3714 ἓἘ
365 3666 396 3715 79
415 3663 508 3713 Evomo
522 3677 607 3713 snxnx.
633 3675 754 3712 STAPRILA
766 3676 828 3711 xnus
840 3661 894 3722 BE,
913 3676 963 3714 om.
976 3659 1001 3709 D
1018 3662 1076 3708 sine
1086 3662 1176 3725 spatio

110 3731 223 3797 egrediar
240 3733 266 3781 D
351 3733 383 3815 ¹80
402 3731 520 3797 prospexi
537 3730 563 3779 D
648 3732 680 3781 83
699 3728 767 3808 aliud
787 3746 836 3780 orn.
854 3728 958 3779 Nonim
1040 3727 1175 3806 filinanis

109 3800 538 3921 incusaretur
607 3799 642 3918 tt
656 3797 844 3929 locutu
860 3794 1130 3929 rimetur
1144 3795 1176 3860 θ’

109 3940 141 3990 95
159 3937 288 4006 pistellum
305 3937 328 3987 B
