2544 4364
98 201 274 252 ritu-ars
560 184 713 238 astratus

101 357 181 438 quod
203 358 250 419 illa
273 366 371 420 autem
394 359 519 431 simulet,
542 359 624 438 quasi
646 361 770 440 gravedo
792 361 929 441 profluat,

99 445 157 506 hoc
180 463 218 506 ne
241 444 283 506 sic
306 445 407 505 saciat:
429 453 461 506 tu
483 443 622 507 labellum
639 446 807 526 abstergeas

99 530 199 609 potius
221 548 309 608 quam
332 530 491 609 quoiquam
513 532 622 591 savium
646 532 732 593 saciat
752 533 858 612 palam.

100 634 157 677 nec
178 623 273 677 mater
294 616 360 677 lena
381 615 417 675 ad
439 616 537 677 vinum
561 617 680 678 accedat
701 617 830 692 interim,

100 719 157 764 nec
178 701 230 762 ulli
251 702 340 764 verbo
363 702 438 762 male
460 701 545 763 dicat.
590 703 614 764 si
636 703 750 779 dixerit,

98 789 171 849 haec
193 787 283 848 multa
306 787 333 848 ei
355 795 427 863 esto,
449 787 519 849 vino
541 788 643 886 viginti
665 788 727 850 dies

98 881 132 934 ut
154 863 269 934 careat?
316 874 397 934 111118
432 873 535 935 Pulcre
557 874 684 953 scripsti.
729 873 834 936 scitum
857 876 1067 955 syngraphum.

98 958 168 1020 Pan.
209 951 297 1019 ‘Tum
320 959 345 1020 si
367 977 502 1032 coronas,
525 969 612 1033 serta,
634 967 787 1038 unguenta
809 960 927 1022 iusserit

99 1044 233 1105 ancillam
258 1045 334 1105 ferre
356 1045 464 1105 Veneri
487 1055 537 1106 aut
559 1045 706 1124 Cupidini

98 1140 166 1191 tuos
187 1149 286 1191 servos
308 1138 412 1205 servet,
434 1130 582 1192 Venerine
605 1149 653 1191 eas
675 1131 724 1191 det
746 1149 783 1191 an
806 1131 879 1191 viro.

98 1216 122 1277 si
144 1217 220 1276 forte
242 1233 316 1296 pure
338 1216 411 1276 velle
433 1216 541 1277 habere
563 1216 677 1289 dixerit,

97 1309 142 1362 tot
163 1309 265 1363 noctes
286 1302 389 1362 reddat
411 1321 532 1380 spurcas
554 1310 627 1381 quot
648 1320 723 1381 pure
744 1291 896 1361 habuerit'

98 1387 170 1448 lraec
192 1394 263 1448 sunt
284 1406 345 1448 non
369 1406 474 1465 nugae,
498 1407 560 1448 non
584 1388 663 1448 enim
685 1386 847 1474 mortualia.

98 1472 179 1533 111118.
217 1473 337 1534 Placent
359 1474 493 1553 profecto
515 1474 604 1551 leges.
650 1468 775 1550 sequere
797 1471 886 1533 intro.
930 1471 999 1533 Pan.
1042 1473 1167 1552 Sequor.

377 1640 601 1704 orlnonvs
645 1625 903 1704 elnasrrvs
1086 1643 1166 1706 iva

97 1763 178 1825 uns.
209 1763 339 1841 Sequere
361 1763 425 1822 hac.
458 1780 554 1841 egone
573 1761 646 1822 haec
661 1762 756 1841 patiar
770 1769 821 1824 aut
835 1759 967 1822 taceam?
989 1761 1082 1823 emori
1123 1771 1167 1824 810

97 1866 143 1908 me
165 1849 272 1921 malim,
296 1867 385 1926 quam
407 1848 479 1908 haec
502 1867 563 1908 non
587 1847 650 1908 eius
671 1848 757 1908 uxori
779 1847 916 1908 indidem.

95 1933 144 1994 ain
167 1931 221 1994 tu?
243 1933 319 2012 apud
343 1933 464 1994 amicam
487 1951 596 1994 munus
618 1932 831 1994 adulescentuli

97 2019 230 2098 fungare,
255 2018 339 2080 uxori
362 2037 484 2080 excuses
505 2026 535 2079 te
558 2028 587 2078 et
609 2019 687 2080 dicas
709 2014 831 2080 senem?

96 2105 257 2185 praeripias
279 2112 409 2166 scortum
432 2105 541 2166 amanti
563 2113 649 2183 atque
671 2112 827 2184 argentum
849 2102 958 2165 obicias

97 2188 204 2251 lenaei
226 2190 357 2270 suppiles
379 2191 452 2251 clam
475 2190 554 2252 domi
577 2209 701 2252 uxorem
724 2188 828 2251 tuam?
1123 2157 1192 2252 stt

97 2276 276 2355 suspendam
291 2276 391 2356 potius
412 2295 469 2349 me,
493 2294 579 2354 quam
601 2276 689 2337 tacita
711 2277 782 2337 lraec
804 2283 836 2337 tu
858 2278 982 2339 auferas.

98 2361 154 2422 iam
177 2363 295 2441 quidem
316 2361 415 2422 hercle
437 2362 473 2422 ad
496 2361 573 2421 illam
597 2362 667 2422 hinc
688 2361 748 2436 ibo,
772 2379 858 2440 8118111
880 2369 913 2423 111
935 2379 1029 2440 prope
1051 2360 1137 2437 diem,

98 2447 155 2508 nisi
177 2448 294 2525 quldem
317 2447 366 2507 illa
388 2456 457 2508 ante
480 2447 645 2526 occupassit
666 2455 705 2521 te,
729 2447 841 2526 effliges
863 2447 934 2520 scio,

97 2533 229 2594 luxuriae
251 2541 386 2612 sumptus
407 2532 596 2613 suppeditare
619 2540 650 2592 ut
672 2533 794 2612 possies.

97 2618 166 2678 Pan.
210 2619 273 2697 Ego
296 2617 339 2679 sic
359 2617 530 2679 faciundum
557 2636 680 2679 censeo:
702 2637 750 2678 me
772 2617 946 2689 honestiust,
1123 2626 1167 2677 820

97 2722 186 2783 quam
207 2712 236 2764 te
258 2704 352 2784 palam
374 2704 452 2764 hanc
473 2722 536 2765 rem
558 2704 664 2779 lacere,
688 2722 725 2764 ne
747 2704 796 2764 illa
818 2703 972 2764 existumet

98 2789 206 2852 amoris
229 2807 314 2851 causa
337 2789 482 2869 percitum
505 2789 535 2850 id
556 2789 660 2851 secisse
681 2796 711 2849 te

96 2874 190 2955 magis
212 2881 299 2953 quam
322 2894 374 2937 sua
397 2893 493 2951 causa.
537 2876 618 2936 11118.
652 2875 689 2935 dt
710 2875 761 2954 pol
783 2873 834 2954 qui
855 2872 926 2936 dixti
947 2873 1065 2938 rectius.

96 2968 131 3021 tu
153 2980 224 3040 ergo
246 2962 292 3022 sac
313 2968 347 3022 ut
368 2958 413 3022 illi
430 2961 533 3022 turbas
553 2960 619 3022 lites
641 2960 775 3036 concias;

97 3065 165 3108 cum
187 3053 242 3108 sud
264 3046 320 3108 sibi
341 3054 429 3126 gnato
452 3051 543 3107 unam
565 3048 601 3107 ad
623 3046 746 3106 amicam
767 3045 802 3106 de
825 3044 872 3105 die

96 3138 208 3212 potare,
230 3133 309 3193 illam
333 3131 460 3211 expilare
482 3134 601 3210 [narral.
646 3131 715 3191 Pan.
747 3131 910 3204 Nemone,

98 3236 154 3296 ego
175 3219 253 3279 lstud
276 3217 396 3279 curabo.
440 3218 521 3278 11118.
554 3218 592 3278 At
614 3235 668 3296 ego
690 3225 720 3276 te
743 3215 880 3295 opperiar
902 3215 990 3275 domi.

184 3388 232 3438 797
252 3384 456 3450 81181813118880
537 3384 586 3435 800
604 3397 654 3433 neu
671 3381 709 3432 Ida
790 3383 838 3433 802
857 3381 957 3448 scripsti
975 3383 1046 3444 Pius]
1064 3379 1166 3448 scriptis

98 3456 149 3506 804
167 3453 208 3505 vel
220 3452 327 3503 Reizius
395 3454 443 3504 807
462 3467 524 3518 pure
537 3450 667 3516 Scaliger]
680 3465 755 3518 puras
824 3451 873 3502 808
891 3464 941 3501 non
957 3452 1016 3500 sunt
1028 3448 1166 3518 Niomeye-

96 3521 250 3574 18181843
317 3536 426 3572 noenum
444 3521 620 3572 Buechelerus
695 3520 743 3571 810
761 3517 841 3570 Anco.
859 3519 1165 3580 anomrnvs(anc1amnvs

96 3589 316 3649 Eldnmssmvs
328 3589 442 3651 nvoBE
461 3590 545 3640 cml)
611 3602 724 3652 egone
711 3587 758 3637 B
823 3590 869 3650 [ut]
889 3586 971 3651 patiar
981 3586 1167 3638 Flcclemenus

98 3661 148 3710 815
167 3657 296 3724 suppeiles
314 3658 422 3720 Porcus]
439 3656 570 3724 suppelles
581 3657 661 3720 Bon,
679 3654 821 3721 suppilesc
883 3657 933 3707 816
950 3655 1102 3720 suspendam
1115 3656 1166 3706 Bo-

97 3728 181 3791 ttius]
198 3725 340 3792 suspendas
358 3725 451 3787 Lond,
468 3723 613 3791 suppendas
630 3724 704 3776 BDE
786 3723 850 3775 haec
868 3727 895 3776 tu
915 3724 1039 3788 Weisiua]
1057 3727 1085 3775 tu
1102 3724 1165 3776 haec

98 3797 147 3849 811
162 3795 241 3860 probe
251 3794 363 3846 dremB
427 3765 475 3848 818
493 3808 603 3860 occupas
615 3788 664 3844 site
728 3793 776 3845 823
796 3792 882 3844 dixisti
942 3793 993 3845 824
1009 3793 1130 3844 litesom
1139 3792 1165 3841 1)

97 3865 148 3917 826
165 3861 292 3930 *expilare
304 3878 385 3916 narra.
419 3878 452 3916 ne
469 3865 554 3925 mone]
572 3860 708 3928 expilare
701 3875 752 3913 18111
766 3876 856 3913 arnone
926 3863 974 3913 827
992 3860 1059 3913 istuc
1070 3860 1096 3911 D

931 4046 963 4098 6*
