2544 4364
96 211 256 262 rumne-45
542 191 728 244 nvnvuama
1110 193 1169 253 123

97 368 166 429 ch.
197 366 276 437 Quin
292 365 345 426 tibi
367 363 445 425 ultro
461 364 658 443 supplicatum
673 364 760 425 venio
776 363 815 424 ob
830 365 983 427 stultitiam
998 384 1103 427 meam.

97 453 184 514 Evcn.
214 453 280 512 Nou
303 452 343 510 mi
364 449 501 510 homines
522 449 640 527 placent
662 450 712 528 qui
735 449 853 528 quando
868 451 943 511 male
959 452 1095 513 lecerunt
1115 470 1170 532 pu·

454 533 561 612 rigant.

97 633 130 683 tu
145 621 223 682 illam
240 619 335 681 scibas
351 637 412 679 non
428 627 508 679 tuam
524 637 603 680 esse:
619 637 680 678 non
697 626 832 679 attactam
849 621 990 698 oportuit.

97 707 166 767 Luc.
197 705 277 784 Ergo
291 705 359 783 quia
374 721 439 764 sum
455 711 577 782 tangere
589 722 687 776 ausus
703 704 780 764 haud
792 705 947 765 causificor
958 705 1030 784 quin
1044 723 1107 766 eam
1130 716 1171 764 ⁷55

98 811 153 870 ago
169 790 292 852 habeam
307 789 512 868 potissumum.
557 788 643 848 Evcn.
674 789 740 849 Tun
757 789 865 850 habeas
885 809 932 849 me
948 790 1039 850 invito
1054 787 1171 851 meam?

97 877 166 938 Luc.
197 876 280 936 Haud
296 884 325 935 te
340 873 431 934 invito
448 873 581 952 postulo;
597 873 648 934 sed
664 891 759 934 meam
776 893 840 936 esse
857 883 994 953 oportere
1009 875 1146 935 arbitror.

99 962 171 1039 quin
188 970 220 1022 tu
237 961 293 1021 iam
309 958 451 1032 invenies,
467 958 598 1035 inquam,
614 976 709 1018 meam
725 959 804 1020 illam
817 978 881 1020 esse
894 968 1041 1038 oportere,
1057 958 1171 1020 Euclio.

97 1046 186 1106 Erec.
209 1046 270 1106 Nisi
282 1044 428 1106 relers—
472 1041 541 1103 ch.
564 1042 932 1122 Quidtibiegoreleram?
976 1044 1062 1105 Evcn.
1086 1042 1172 1115 Quod

455 1127 638 1206 subrupuisti
656 1146 764 1201 meum,

98 1217 156 1276 iam
186 1214 304 1294 quidem
333 1213 432 1274 hercle
459 1221 489 1272 tc
517 1212 552 1272 ad
581 1222 749 1290 praetorem
775 1213 887 1293 rapiam
917 1223 946 1275 et
970 1213 1023 1275 tibi
1045 1214 1173 1275 scribam

455 1298 559 1357 dicam.
1130 1309 1174 1359 760

98 1385 167 1446 ch.
199 1383 351 1461 Subrnpui
366 1401 421 1462 ego
437 1380 542 1442 tuom?
558 1380 653 1442 unde?
669 1392 719 1443 aut
734 1382 805 1460 quid
822 1380 929 1443 idest?
973 1382 1060 1442 Evcn.
1087 1383 1129 1443 lta
1144 1393 1173 1444 te

456 1467 564 1527 amabit
577 1467 718 1547 luppiter,

98 1563 132 1614 ut
146 1562 179 1614 tu
195 1553 302 1614 nescis.
346 1552 416 1612 Lra.
446 1552 508 1612 Nisi
523 1553 641 1630 quidem
658 1561 690 1612 tu
706 1552 776 1621 mibi
792 1550 862 1630 quid
879 1570 1002 1630 quaeras
1021 1553 1137 1613 dixeris.

99 1639 186 1699 Euan.
217 1637 319 1698 Aulam
335 1638 408 1711 auri,
424 1637 555 1714 inquam,
570 1645 600 1697 te
616 1655 758 1715 reposco,
774 1654 861 1715 quam
877 1648 909 1697 tu
925 1637 1088 1698 confessu's
1103 1637 1174 1698 mihi

98 1733 127 1784 te
143 1723 308 1784 abstulisse.
353 1722 421 1782 Luc.
451 1723 554 1800 Neque
576 1722 681 1800 edepol
703 1741 757 1800 ego
779 1722 839 1782 dixi
861 1740 959 1800 neque
975 1722 1041 1782 feci.
1086 1722 1173 1783 Erec.

456 1804 573 1885 Negas?

99 1895 168 1954 bre.
199 1894 333 1972 Pernego
349 1892 448 1952 immo.
480 1909 547 1951 nam
566 1910 664 1970 neque
686 1909 740 1970 ego
763 1909 868 1952 aurum
887 1910 986 1970 neque
1005 1891 1094 1954 istaec
1110 1892 1174 1952 aula

457 1994 533 2054 quae
547 1977 603 2037 siet
1133 1988 1175 2036 765

100 2063 161 2124 scio
174 2082 229 2123 nec
242 2063 319 2124 novi.
349 2053 436 2122 Evae.
459 2061 550 2136 illam,
563 2081 597 2122 ex
611 2061 719 2123 Silvani
730 2061 797 2122 luco
810 2079 896 2140 quam
907 2061 1078 2137 abstuleras,
1091 2063 1173 2122 cedo.

100 2150 120 2221 i,
136 2149 223 2208 reler.
253 2147 401 2208 dimidiam
416 2156 514 2207 tecum
530 2147 629 2226 potius
644 2155 758 2226 partem
774 2147 907 2207 dividam.

98 2233 215 2294 tametsi
230 2234 279 2293 lur
293 2233 364 2293 mihi
381 2251 421 2305 65,
436 2232 578 2294 molestus
593 2251 654 2294 non
671 2252 731 2293 ero.
763 2233 772 2292 i
787 2251 865 2306 vero,
882 2233 969 2293 refer.

100 2319 169 2378 ch.
201 2319 297 2378 Sanus
312 2326 345 2377 tu
360 2335 420 2377 non
437 2335 469 2377 es
485 2317 535 2394 qui
551 2318 645 2376 lurein
661 2335 819 2377 mevoces.
850 2325 959 2394 egeto,
975 2316 1089 2390 Euclio,

100 2405 137 2463 de
154 2402 206 2462 alia
222 2420 255 2460 re
271 2401 422 2461 rescivisse
438 2401 540 2461 censui
557 2401 636 2478 quod
653 2401 688 2461 ad
703 2419 751 2461 me
766 2401 884 2475 attinet3
1133 2410 1176 2459 ‘170

100 2486 122 2564 †
137 2495 271 2565 magnast
285 2503 333 2545 res
348 2502 436 2563 quam
452 2503 507 2562 ego
523 2494 621 2545 tecum
638 2485 740 2559 otiose,
757 2485 781 2546 si
798 2485 890 2545 otium
906 2491 963 2556 est,
980 2484 1068 2563 cupio
1084 2483 1175 2562 loqui.

100 2572 189 2631 Evcu.
213 2571 264 2631 Dic
280 2571 358 2630 bona
374 2570 445 2629 lide:
462 2578 494 2629 tu
506 2569 534 2629 id
548 2587 651 2628 aurum
664 2588 725 2630 non
739 2566 948 2647 subrupuisti?
991 2569 1060 2629 ch.
1083 2569 1174 2628 Rana.

101 2657 189 2717 Evcu.
211 2657 313 2733 Neque
325 2655 392 2728 scis,
408 2653 475 2732 quis
487 2649 540 2736 [id]
553 2652 727 2714 abstulerit?
770 2654 839 2714 ch.
863 2653 941 2714 lstuc
954 2672 1074 2732 quoque
1086 2653 1174 2714 bona.

459 2737 548 2798 Evcn.
579 2743 675 2817 Atque
690 2739 719 2799 id
735 2739 760 2799 si
776 2739 851 2800 scies

103 2826 153 2904 qui
173 2825 341 2897 abstulerit,
364 2823 436 2884 mibi
453 2821 620 2885 indicabis?
671 2825 739 2884 lna.
776 2824 901 2884 Faciam.
952 2823 1038 2882 Evcu.
1073 2823 1176 2900 Neque

458 2919 573 2989 partem
587 2909 641 2969 tibi

103 2995 139 3056 ab
155 3014 190 3056 eo
206 2995 356 3074 quoiumst
372 2992 532 3072 indipisces
543 3012 640 3072 neque
656 2996 751 3055 iurem
767 2990 916 3072 excipies?
948 2992 1017 3053 Lac.
1040 2992 1092 3053 lta.
1135 3003 1177 3052 775

189 3131 237 3180 753
255 3129 374 3195 purigant
385 3127 553 3191 Ritacltelt'ca]
572 3127 702 3192 pungitant
772 3131 820 3179 757
839 3130 902 3177 anto
919 3125 964 3176 sed
981 3141 1051 3190 pera.
1064 3130 1131 3189 apat.
1148 3129 1177 3174 ia

102 3198 136 3258 D,
155 3200 217 3247 item
236 3200 320 3246 erasis
337 3197 442 3261 aliquot
459 3197 510 3246 litt.
528 3195 565 3245 B¹
651 3195 909 3256 lastemariaco]
928 3207 991 3244 eam.
1072 3193 1091 3242 li
1110 3195 1137 3255 (ἱ.
1156 3210 1177 3244 6.

103 3263 172 3327 Luc.)
191 3267 253 3312 anto
269 3265 373 3330 inquam
391 3263 427 3316 ab
487 3264 557 3314 illam
575 3278 656 3314 meam
675 3263 788 3314 Botltiaa
849 3265 951 3326 oportet
968 3261 993 3312 Ε
1053 3261 1102 3312 760
1115 3265 1178 3309 ante

104 3335 154 3385 759
171 3333 263 3396 poscat
279 3332 417 3383 Acidaliae
504 3335 550 3384 761
571 3331 679 3395 surripio
698 3330 776 3393 (subi.
795 3330 829 3391 Ε)
845 3329 921 3379 null
1006 3327 1087 3378 ambit
1103 3328 1178 3378 666

104 3402 154 3453 766
173 3401 254 3462 65666
269 3398 312 3462 61,
330 3400 391 3451 666
460 3403 509 3453 768
528 3400 537 3450 i
556 3415 615 3451 vero
627 3399 672 3460 B2]
690 3398 841 3460 sumaim),
860 3396 950 3448 lnroN
1020 3399 1069 3448 770
1087 3410 1178 3462 quaes

105 3472 151 3521 771
172 3468 214 3517 eal
230 3481 321 3529 magna
339 3467 382 3516 vel
400 3470 482 3519 tecum
501 3469 544 3518 val
560 3467 643 3519 otiose
660 3468 711 3530 (res
729 3472 769 3518 est
786 3468 815 3530 J)
834 3467 889 3529 vel,
908 3464 980 3530 qaod
998 3479 1089 3514 aarum
1107 3464 1178 3514 aide-

105 3544 158 3600 tur,
176 3548 216 3586 res
235 3535 403 3585 inducar-ant
498 3538 546 3587 773
565 3549 649 3602 neque
667 3549 687 3586 s.
707 3551 732 3601 q.
751 3535 815 3584 abst.
835 3536 914 3584 verba
932 3533 1068 3583 delatrata
1086 3547 1109 3582 a.
1128 3533 1178 3583 774

104 3609 176 3655 inter
193 3602 328 3654 abstulerit
346 3602 463 3666 etmihi,
482 3606 603 3654 carrarca?
622 3603 791 3654 Camerarius
860 3601 903 3668 qui
921 3601 996 3651 BDE
1065 3599 1109 3662 [id]
1126 3600 1178 3649 Bo·

104 3676 176 3724 titias
245 3670 280 3734 id]
299 3670 379 3722 666ι
457 3674 507 3723 774
525 3673 584 3737 quia
602 3672 704 3722 ataid.
722 3670 757 3721 6ι
830 3685 877 3720 nec
894 3668 1001 3719 Nonius
1017 3685 1043 3732 p.
1056 3667 1114 3719 129.
1127 3666 1179 3718 293

105 3744 153 3792 775
173 3740 237 3792 adeo
254 3738 361 3789 Noniae
375 3754 403 3802 p.
418 3737 474 3790 129.
487 3739 538 3791 293
607 3740 738 3804 quoiumst
752 3738 884 3800 Goatza'ua]
903 3737 983 3788 cuivis
1001 3735 1108 3786 Noniae
1119 3734 1179 3797 293,

105 3809 146 3859 cui
164 3808 198 3859 sit
215 3808 320 3859 Noniae
331 3805 387 3870 129,
405 3807 523 3872 cuiquam
542 3807 665 3858 655666
732 3806 871 3873 indipisces
890 3809 1002 3856 testabar
1013 3802 1178 3855 Nontaa129

105 3877 148 3940 (is
163 3877 241 3938 codd.
259 3875 334 3936 293t:
352 3873 411 3925 inde
429 3889 521 3940 posces
539 3875 614 3925 6666.
684 3875 796 3942 excipies
815 3878 927 3924 tactatur
944 3871 1050 3924 Noniae
1061 3872 1112 3923 293
1130 3873 1179 3933 (as

105 3943 190 4005 codd,
209 3946 255 3995 566
272 3943 321 3998 129
338 3945 430 4007 acatal:
449 3943 538 4007 expies
555 3942 629 3993 666
