2544 4364
94 179 155 239 110
569 185 687 240 va'rt
1016 206 1167 260 nanu-st

94 356 183 419 Cous.
213 356 300 433 Sine,
323 365 352 419 at
371 357 471 419 hercle
492 378 561 421 cum
581 365 689 439 magno
711 362 787 424 malo
873 371 942 439 tuo,
964 364 1060 427 411444
1076 373 1166 447 caput

448 445 546 505 sentit.
1121 461 1168 513 tu

93 525 179 587 Evcr..
208 526 263 589 Pol
283 546 338 608 ego
361 529 437 590 haud
460 530 522 591 scio
538 531 607 610 quid
629 540 697 612 post
711 533 787 594 fuat:
874 542 955 595 tuom
979 539 1060 597 nunc
1076 544 1167 617 caput
1208 574 1210 580 ·

60 608 68 621 ⁹
446 616 545 676 sentit.

93 697 144 758 sed
160 697 189 758 in
207 697 327 760 aedibus
343 699 412 777 quid
426 699 479 760 tibi
495 701 568 762 meis
631 721 700 764 nam
716 712 779 765 erat
793 704 894 783 negoti

93 801 140 844 me
156 782 286 857 absente,
303 783 359 845 nisi
375 803 429 864 ego
441 784 606 848 iusseram?
669 789 735 849 volo
748 793 834 851 sclre.
879 788 967 852 Gonu.
993 789 1070 852 'face
1082 795 1166 872 ergo.

94 868 161 947 quia
175 868 310 931 venimus
320 879 437 930 coctum
449 871 484 930 ad
496 872 622 952 nuptias.
675 872 762 936 Evcr..
786 874 862 946 Quid
876 883 916 948 tu,
931 875 1051 948 malurn,
1068 895 1168 952 ouras,

94 961 194 1014 utrum
210 955 334 1015 crudum
348 973 386 1015 an
403 973 457 1033 ego
474 967 590 1018 coctum
607 958 693 1033 edim,
759 959 816 1021 nisi
833 970 863 1021 tu
878 960 917 1022 mi
934 979 965 1022 es
976 959 1080 1023 tutor?
1122 972 1168 1025 431

94 1038 183 1100 Cone.
213 1039 285 1101 Volo
308 1045 394 1114 scire,
417 1044 496 1102 sinas
517 1060 555 1103 an
572 1061 632 1104 non
655 1045 737 1107 sinas
822 1065 877 1107 nos
900 1065 1029 1126 coquere
1051 1047 1101 1109 hic
1116 1065 1166 1110 ca·

449 1125 539 1186 nam‘l

93 1211 180 1271 Ercn.
211 1209 284 1271 Volo
300 1210 376 1272 scire
392 1229 447 1291 ego
462 1211 542 1286 item,
558 1231 640 1274 meae
655 1213 735 1275 domi
800 1233 886 1276 mean
901 1217 978 1277 salva
993 1215 1117 1279 futura?

94 1295 182 1356 Cone.
209 1294 326 1356 Vtinam
342 1314 406 1357 mea
420 1297 491 1359 mihi
507 1298 594 1359 modo
610 1301 751 1372 auferam,
827 1319 902 1380 quae
917 1301 939 1383 †
955 1301 1055 1376 adtuli,
1072 1303 1166 1365 salva:

93 1400 140 1442 me
154 1382 232 1442 haud
247 1382 388 1460 paenitet,
404 1391 453 1444 tua
471 1403 507 1444 ne
520 1393 664 1462 expetam.
729 1384 816 1446 Evcn.
847 1386 924 1462 Scio,
940 1387 1071 1461 nedoce,
1088 1388 1166 1450 novi.

94 1466 183 1528 Cone.
214 1466 291 1538 Quid
314 1475 358 1529 est
380 1473 437 1547 444
461 1469 602 1548 prohibes
622 1488 704 1531 nunc
725 1471 817 1549 gratia
892 1491 947 1534 nos
967 1489 1098 1551 coquere
1118 1474 1167 1535 hic

449 1552 575 1615 cenam?
1124 1568 1168 1620 445

95 1636 165 1717 4414
179 1636 313 1713 fecimus,
329 1637 399 1716 quid
414 1636 541 1700 diximus
603 1640 657 1699 tibi
672 1658 758 1702 secus
773 1659 862 1719 quam
876 1639 987 1704 velles?

94 1722 180 1784 Eser..
210 1721 306 1783 Etiam
321 1722 440 1802 rogitas,
455 1725 578 1786 sceleste
592 1725 693 1798 homo,
760 1726 809 1805 qui
825 1728 950 1806 angulos
964 1746 1058 1806 usque
1069 1728 1168 1790 omnis

93 1826 226 1870 mearum
241 1808 358 1870 aedium
374 1817 403 1870 et
418 1809 600 1871 conclavium
665 1809 736 1871 mibi
750 1810 772 1890 †
786 1812 920 1891 pervium
935 1810 1052 1874 facitis?

93 1893 135 1955 ibi
150 1893 202 1954 ubl
216 1893 269 1954 tibi
285 1901 347 1954 erat
362 1895 525 1973 negotium,
541 1896 576 1956 ad
642 1896 741 1956 focum
755 1896 780 1958 si
794 1897 921 1972 adesses,

94 1999 156 2040 non
172 1979 261 2041 fissile
275 1981 406 2041 auferres
422 1990 525 2060 caput:
590 1981 696 2043 merito
711 1981 739 2041 id
756 1982 809 2043 tibi
823 1983 969 2044 factumst.
1122 1993 1167 2044 tto

94 2065 167 2126 adeo
184 2073 216 2125 ut
229 2073 261 2124 tu
276 2082 372 2124 meam
389 2066 566 2126 sententiam
631 2065 687 2126 iam
704 2084 827 2128 noscere
843 2067 952 2145 possis:

94 2150 119 2213 si
134 2150 169 2210 ad
185 2150 303 2210 ianuam
317 2151 375 2210 huc
391 2151 559 2226 accesseris,
624 2150 682 2212 nisi
697 2151 819 2225 iussero,
834 2152 967 2232 propius,

96 2255 151 2316 ego
166 2244 196 2297 te
210 2235 314 2297 faciam
330 2235 523 2298 miserrumus
587 2235 719 2297 mortalis
734 2237 777 2298 uti
792 2237 841 2299 sis.

95 2322 152 2384 scis
167 2321 225 2383 iam
240 2339 333 2383 meam
349 2321 535 2383 sententiam.
601 2322 690 2384 Cone.
720 2322 786 2393 Quo
801 2319 885 2384 abis?
899 2319 964 2382 redi
977 2338 1109 2384 rursum.

95 2409 134 2469 ita
149 2425 197 2469 me
211 2405 289 2468 bene
305 2415 384 2468 amet
397 2406 538 2484 Laverna,
553 2407 607 2486 [uti
671 2409 746 2484 mea]
761 2408 820 2468 iam
835 2407 892 2469 nisi
907 2405 991 2468 reddi
1123 2415 1170 2469 441

95 2493 166 2555 mihi
181 2497 248 2554 vasa
262 2492 357 2566 idbes,
373 2492 421 2553 hic
437 2493 539 2573 pipulo
602 2501 632 2554 te
647 2493 779 2553 differam
794 2500 865 2554 ante
880 2491 967 2553 aedis.

138 2580 209 2658 quid
224 2597 279 2658 ego
295 2597 376 2640 nunc
393 2576 499 2656 agam?
515 2597 552 2639 ne
568 2597 624 2658 ego
639 2577 744 2658 edepol
757 2578 826 2640 reni
840 2579 899 2638 huc
914 2575 1045 2655 auspicio
1060 2575 1149 2638 malo.

139 2682 261 2724 nummo
277 2683 343 2726 sum
360 2664 541 2725 conductus:
557 2664 624 2743 plus
639 2664 696 2724 iam
711 2663 825 2725 medico
840 2662 999 2724 mercedist
1013 2680 1109 2740 opus.

182 2867 232 2919 425
250 2880 343 2932 magno
361 2865 429 2917 malo
448 2868 493 2916 tuo
511 2865 688 2929 Humanam]
706 2864 773 2916 malo
792 2867 837 2916 tuo
856 2877 949 2929 magno
1041 2863 1137 2915 sentiet
1154 2863 1174 2915 4

97 2935 148 2988 426
166 2950 216 2986 om.
233 2935 255 2986 J
334 2931 381 2984 fiat
485 2935 536 2985 429
554 2933 613 2984 reni
631 2933 681 2984 hnc
699 2948 721 2986 4.
739 2948 761 2983 a.
780 2947 804 2984 n.
822 2931 1018 2994 Fleckeismur,
1036 2928 1171 2983 *venimus

97 3005 199 3055 4441444
216 3002 264 3053 tibi
332 3002 382 3054 430
400 3015 449 3067 ego
467 3006 568 3052 coctum
583 3000 706 3068 Pyladea]
723 3003 824 3052 coctum
842 3014 891 3066 ego
960 3003 1044 3050 utrum
1063 2996 1171 3050 crddum

97 3086 129 3123 an
148 3073 248 3122 coctum
266 3066 372 3134 [eibum]
390 3085 439 3133 ego
457 3068 524 3121 edim
543 3068 693 3136 Seyffertur
711 3070 728 3121 4.
744 3086 764 3120 4.
834 3070 881 3120 431
902 3067 968 3118 41414
987 3081 1018 3118 44
1037 3081 1087 3117 444
1106 3066 1171 3119 sinis

97 3139 296 3192 Studemuardus
373 3141 424 3191 432
441 3136 530 3190 itidem
550 3137 674 3189 Goatziua
756 3151 830 3188 mean
849 3136 1027 3197 04444444νί44]
1045 3148 1102 3186 mee

97 3210 147 3262 433
165 3197 273 3259 44141411
291 3206 443 3271 Muellerus,
460 3205 492 3257 44
510 3211 536 3258 14
554 3206 602 3257 1411
615 3205 813 3256 Studamundur
880 3205 932 3256 434
949 3206 1094 3268 exspectem
1107 3200 1170 3253 13¹1)

97 3279 147 3329 435
161 3276 219 3344 4414
238 3291 285 3327 444
297 3275 360 3326 13¹1)
419 3274 555 3340 prohibeas
568 3289 592 3326 n.
604 3273 677 3334 ΒΜ,
690 3288 758 3325 4444
769 3272 890 3338 prohibes
902 3271 1011 3322 11444444
1067 3270 1118 3322 436
1132 3283 1173 3321 se·

98 3345 174 3412 quius
185 3344 234 3395 BI)
295 3345 344 3395 431
362 3341 487 3405 *angulos
502 3357 584 3408 44444
596 3342 688 3403 omnis]
703 3339 942 3407 4444144444444414
954 3341 1032 3402 (arar.
1042 3336 1068 3403 4)
1077 3338 1109 3417 ll,
1126 3352 1172 3388 44-

98 3412 173 3476 gulos
189 3412 283 3474 ο,14.1,·
299 3411 530 3477 pronuntiandum
545 3409 636 3474 anglos
650 3409 780 3474 (14414444)
847 3410 898 3461 438
916 3407 1028 3472 perviam
1047 3405 1131 3457 1444114
1146 3405 1172 3469 J,

98 3479 407 3546 *444444414114146571
459 3477 563 3531 4391141
582 3475 754 3544 1144414414
806 3477 837 3539 si]
855 3492 883 3527 s·
902 3475 937 3527 141
988 3477 1038 3526 440
1056 3472 1172 3525 auferres

100 3547 232 3610 Goetziur]
249 3546 357 3598 haberes
425 3549 473 3599 441
493 3544 642 3598 44444444
661 3548 788 3596 ulmeam
806 3543 962 3610 Longanos,
980 3540 1016 3602 cf.
1035 3542 1173 3593 Brauntrer

99 3618 152 3668 444.
160 3630 276 3680 pamm.
289 3619 315 3665 44
326 3617 385 3667 crit.
395 3615 430 3668 40
497 3615 548 3667 442
565 3614 636 3665 14444
650 3612 768 3678 coyaoo
837 3614 888 3664 444
905 3626 956 3678 444
970 3626 1008 3676 44.
1023 3610 1173 3674 Congrione·

98 3685 171 3736 dedit
179 3684 294 3735 14411444
361 3686 410 3736 445
425 3697 497 3734 amen
508 3682 544 3733 Bt
607 3677 1174 3744 *4644441144414144444444411(14414444)

97 3750 169 3803 reddi
181 3751 286 3804 Nonius
297 3751 342 3816 13²]
360 3750 413 3803 redi
423 3750 492 3813 11¹1),
509 3747 607 3801 redisJ
670 3748 721 3800 446
738 3747 827 3813 pipulo
846 3751 871 3798 te
889 3745 1003 3797 differam
1022 3750 1081 3798 4414
1099 3744 1172 3798 44414

99 3819 188 3871 Varro
206 3818 297 3880 adfert
313 3820 341 3885 (4.
357 3820 373 3871 4.
384 3818 477 3883 7,1θ3)
545 3817 586 3869 hic
604 3815 692 3882 pipulo
710 3819 736 3866 te
753 3814 869 3878 11444444,
888 3814 1021 3877 44444444]
1038 3813 1127 3881 pipulo
1145 3816 1173 3866 te

98 3887 141 3939 hie
157 3887 264 3939 Nonius
277 3904 304 3953 p.
319 3887 377 3951 152,
395 3885 483 3953 pipulo
501 3888 527 3937 te
541 3901 571 3950 p.
587 3885 647 3948 284,
665 3899 699 3950 po
718 3883 761 3935 ulo
779 3883 821 3935 hic
839 3883 926 3948 BfflJ,
944 3881 1055 3949 populos
1073 3879 1173 3935 1414144

97 3957 148 4009 448
165 3956 251 4010 medio
268 3957 286 4011 J
352 3953 488 4007 mercedlst
505 3966 571 4019 opus
587 3953 702 4005 14441444
730 3951 847 4006 mercede
865 3965 930 4017 opus
948 3953 988 4003 441
