2544 4364
93 127 134 201 34
570 127 689 181 PLAVTI
1003 145 1055 199 112,
1066 145 1168 189 “8472

94 310 178 362 estne
190 300 261 362 haec
273 309 382 380 patera,
394 318 452 379 qua
463 299 600 362 donatu’s
611 298 673 362 ilii?
710 302 802 362 Auru.
827 300 947 362 Summe
959 301 1101 382 luppiter,
1124 311 1167 364 790

95 386 165 465 quid
181 404 236 466 ego
251 384 357 448 video?
373 386 445 446 haec
461 393 522 447 east
536 386 671 466 proiecto
687 393 797 466 patera.
841 387 925 466 perii,
941 386 1034 448 Sosia.

94 471 158 533 Sos.
189 472 247 532 dut
261 470 313 551 pol
327 470 399 530 haec
414 470 646 550 praestrigiatrix
660 471 753 533 multo
769 470 876 532 mulier
890 480 1054 533 maxumast

92 563 145 618 aut
154 564 285 635 pateram
297 555 344 616 hic
356 555 454 616 inesse
466 564 593 634 oportet.
623 555 715 617 Auen.
738 556 880 636 Agedum,
895 555 1167 618 exsolvecistulam.

94 641 158 702 Sos.
196 639 273 712 Quid
288 658 343 718 ego
359 640 444 701 istam
467 638 634 702 exsolvam?
657 640 837 721 obsignatast
858 651 949 703 recte.
987 659 1035 703 res
1058 649 1169 722 gestast

404 724 497 786 bene:

93 819 125 871 tu
141 809 250 887 [alium]
262 810 403 890 peperisti
414 809 672 890 Amphitruonem,
688 829 743 890 ego
755 811 844 871 alium
856 811 959 890 peperi
971 810 1101 886 Sosiam;
1123 820 1167 872 785

93 895 214 958 nuncsi
230 904 330 975 patera
344 904 475 975 pateram
491 895 616 976 peperit,
633 915 736 958 omnes
751 896 1032 975 congeminavimus.

93 983 187 1042 Auru.
217 980 364 1042 Certumst
385 980 500 1061 aperire
522 988 611 1059 atque
632 980 789 1062 inspicere.
839 981 903 1043 Sos.
934 980 1005 1042 Vide
1027 981 1067 1042 sis
1089 980 1166 1060 signi

404 1064 474 1143 quid
496 1064 561 1138 siet,

94 1168 133 1211 nc
148 1149 296 1228 posterius
310 1150 341 1210 in
358 1167 404 1209 me
420 1149 535 1228 culpam
552 1151 698 1211 conteras.
742 1151 834 1211 dune.
864 1149 955 1230 Aperi
969 1150 1072 1225 modo;

94 1253 163 1295 nam
179 1235 251 1296 hacc
266 1235 385 1313 quidem
401 1253 455 1296 nos
471 1234 622 1296 delirantis
638 1235 734 1296 tacere
750 1235 835 1297 dictis
849 1234 988 1315 postulat.

94 1320 163 1380 dne.
201 1319 284 1382 Vnde
306 1320 378 1381 haee
393 1319 484 1398 igitur
499 1329 544 1381 cst
558 1319 615 1382 nisi
631 1319 682 1382 abs
705 1328 743 1392 te,
767 1319 884 1397 [abste]
900 1337 975 1398 quae
997 1319 1069 1380 mihi
1087 1319 1168 1380 dono

405 1402 520 1466 datast?
1125 1414 1168 1464 '190

94 1491 187 1550 Auru.
218 1488 301 1569 Opus
322 1489 391 1551 mist
412 1489 488 1552 istuc
503 1489 658 1568 exquisito.
702 1487 767 1549 Sos.
797 1488 939 1568 luppiter,
955 1507 1009 1569 pro
1025 1488 1167 1569 luppiter.

94 1575 186 1634 Auen.
217 1573 295 1644 Ouid
310 1571 412 1635 tibist?
456 1573 521 1634 Sos.
550 1573 605 1634 Hic
627 1582 728 1653 patera
743 1573 825 1635 nulla
839 1573 870 1635 in
890 1573 1030 1636 cistuiast.
1074 1575 1167 1634 Auen.

405 1657 482 1728 Ouid
498 1676 553 1737 ego
568 1655 678 1720 audio?

95 1741 159 1804 Sos.
190 1742 277 1813 Ouod
299 1750 439 1804 verumst.
483 1744 576 1804 Auen.
605 1745 643 1804 tt
664 1761 731 1804 cum
753 1743 885 1804 cruciatu
908 1743 975 1819 iam,
998 1743 1055 1804 nisi
1076 1761 1167 1822 appa-

404 1835 450 1888 ret
475 1836 535 1891 tuo.

95 1913 164 1972 dno.
187 1911 267 1973 Haec
283 1912 401 1991 quidem
416 1874 548 1993 apparet.
592 1914 685 1973 Auen.
709 1912 782 1983 Quis
797 1912 887 1993 igitur
900 1911 953 1972 tibi
969 1909 1068 1973 dediti
1098 1912 1167 1971 dne.

405 1996 463 2067 Qui
477 2015 525 2056 me
540 2004 632 2075 rogat.

95 2081 160 2142 Sos.
190 2081 236 2141 Me
252 2089 360 2160 captas,
376 2081 445 2160 quia
460 2089 523 2141 tuto
538 2081 576 2141 ab
592 2080 658 2141 navi
672 2079 840 2141 clanculum
855 2081 914 2141 huc
929 2079 983 2141 alia
998 2080 1042 2141 via
1126 2090 1168 2141 795

95 2165 334 2245 praecucurristi,
349 2175 439 2244 atque
453 2165 525 2226 hinc
540 2173 670 2245 pateram
685 2172 747 2226 tute
763 2165 897 2226 exemisti
911 2173 999 2244 atque
1014 2183 1079 2225 eam

95 2249 165 2311 huic
180 2250 294 2324 dedisti,
310 2258 395 2329 poste
411 2268 516 2312 rursus
532 2250 694 2329 obsignasti
709 2248 888 2311 clanculum.

96 2335 188 2396 dura.
219 2334 255 2395 Ei
270 2335 351 2409 mihi,
366 2335 423 2396 iam
439 2344 472 2396 tu
488 2354 607 2415 quoque
622 2335 710 2396 huius
725 2334 842 2397 adiuvas
857 2332 1023 2396 insaniam?

96 2420 143 2481 ain
160 2420 224 2481 heri
240 2439 296 2482 nos
311 2420 463 2482 advenisse
478 2418 559 2482 huc?
603 2421 672 2481 dno.
702 2419 765 2494 dio,
781 2419 1000 2498 adveniensque
1016 2418 1083 2479 ilico

96 2523 143 2566 me
157 2504 326 2580 salutavisti,
343 2513 373 2566 et
388 2523 443 2584 ego
458 2513 498 2579 te,
514 2513 544 2566 et
559 2505 693 2568 osculum
708 2504 792 2565 tetuli
807 2503 871 2565 tibi.
1125 2513 1169 2565 8⁰0

96 2588 161 2651 Sos.
191 2590 250 2650 lam
274 2590 345 2651 illud
362 2609 423 2651 non
439 2591 537 2670 placet
550 2590 731 2671 principium
745 2588 782 2651 dc
798 2589 909 2651 osculo.
953 2590 1045 2649 Auru.
1075 2587 1169 2667 Perge

406 2693 537 2752 exsequi.

96 2759 166 2819 dno.
196 2757 312 2820 Lavisti.
363 2760 455 2819 Auru.
485 2758 564 2829 Quid
586 2766 745 2838 postquam
766 2756 845 2819 larii
888 2759 958 2819 dte.
988 2757 1168 2819 decubuisti.

406 2843 471 2905 Sos.
501 2843 585 2923 Euge
602 2851 731 2922 optume.

97 2946 179 2989 nunc
195 2927 325 3006 exquire.
369 2930 462 2989 Auen.
492 2927 536 2988 Ne
550 2926 714 3008 interpella.
744 2943 837 3007 perge
852 2944 943 3006 porro
959 2927 1066 2988 dicere.

96 3013 165 3073 dne.
197 3012 276 3074 Cena
292 3011 465 3092 adpositast;
482 3013 621 3075 cenavisti
636 3030 761 3087 meeum,
777 3029 832 3089 ego
848 3012 972 3073 accubui
988 3011 1084 3073 simul.

182 3266 231 3318 780
250 3264 303 3316 iilic
320 3262 359 3314 Db
417 3266 466 3317 782
484 3264 673 3330 praestigiatrix
724 3262 815 3315 mulier
832 3262 914 3315 multo
931 3262 957 3312 D
1009 3263 1058 3314 783
1077 3260 1169 3314 exclve

96 3332 249 3396 Muellerus]
262 3347 318 3385 eam
330 3332 403 3384 solve
415 3332 446 3395 B,
465 3346 522 3383 eam
534 3334 572 3396 (ea
586 3333 620 3397 ld)
638 3346 694 3383 eom
710 3331 783 3383 solve
795 3331 846 3381 DE
897 3332 947 3383 785
965 3329 1062 3393 [alium]
1075 3329 1170 3379 Ftcclc-

96 3403 200 3451 eiscnos
217 3401 290 3466 (post
306 3399 398 3468 Amph.
418 3399 545 3466 tingetur)
641 3401 690 3453 786
708 3403 822 3465 pateram
840 3402 929 3465 patera
946 3398 995 3449 BE
1085 3398 1169 3448 omnis

97 3469 147 3520 787
166 3466 238 3518 vides
256 3469 292 3520 sis
309 3468 363 3534 igni
380 3467 414 3530 D,
432 3468 506 3520 video
524 3468 547 3520 si
564 3466 631 3533 sigui
650 3466 699 3518 Ba
793 3467 842 3519 788
860 3466 923 3518 Ate.
941 3480 973 3518 ne
991 3464 1060 3528 Bm,
1080 3479 1127 3516 nee
1144 3465 1169 3515 Ε

96 3537 147 3588 790
164 3534 236 3598 *[abs
256 3537 290 3597 te]
378 3538 426 3589 791
445 3535 508 3586 mihi
525 3537 566 3588 est
583 3535 640 3598 131),
657 3535 704 3586 tibi
723 3538 763 3586 est
779 3539 812 3585 ut
828 3534 881 3585 vid.
899 3534 924 3585 Ε
1015 3535 1064 3585 793
1082 3532 1169 3598 *quod

95 3605 219 3665 vemmst]
236 3601 263 3654 id
281 3602 350 3670 quod
366 3608 456 3656 verost
473 3603 509 3667 (id
521 3601 590 3670 quod
603 3606 643 3655 est
657 3603 780 3667 Brieim)
849 3607 876 3653 at
894 3605 946 3655 tum
959 3600 1045 3653 BD¹B
1114 3615 1170 3651 cru-

96 3672 163 3723 tiatu
181 3671 231 3721 iarn
248 3670 292 3733 13¹,
311 3671 379 3722 croci
397 3671 504 3723 attotam
523 3672 553 3733 Ε,
573 3670 682 3723 crutiatn
700 3684 754 3721 sam
772 3669 810 3720 17²
879 3673 930 3722 794
966 3669 1004 3721 uis
1023 3682 1064 3719 me
1082 3666 1118 3717 11¹

97 3742 146 3792 797
165 3741 240 3804 poste
257 3737 314 3804 to]
333 3740 441 3805 posthac
508 3753 609 3791 mesum
676 3739 726 3790 799
744 3736 814 3789 illico
891 3740 937 3791 891
976 3736 1168 3788 os.-Au1>e.

94 3807 218 3927 piotlpl‘m]
235 3806 319 3862 Arcen.
405 3821 511 3874 pergam
528 3807 613 3872 codd,
631 3821 700 3859 corr.
719 3805 840 3857 Muretus
933 3807 982 3858 802
1001 3807 1084 3868 [euge]
1102 3817 1169 3868 coge

123 3890 156 3926 uc
177 3889 239 3927 ms
