<?xml version="1.0" encoding="UTF-8"?>
<!DOCTYPE html PUBLIC "-//W3C//DTD XHTML 1.0 Transitional//EN"
    "http://www.w3.org/TR/xhtml1/DTD/xhtml1-transitional.dtd">
<html xmlns="http://www.w3.org/1999/xhtml" xml:lang="en" lang="en">
 <head>
  <title>
</title>
<meta http-equiv="Content-Type" content="text/html;charset=utf-8" />
  <meta name='ocr-system' content='tesseract 3.04.00' />
  <meta name='ocr-capabilities' content='ocr_page ocr_carea ocr_par ocr_line ocrx_word'/>
</head>
<body>
  <div class='ocr_page' id='page_1' title='image "./tmacciplauticom01leogoog_0100.png"; bbox 0 0 2544 4364; ppageno 0'>
   <div class='ocr_carea' id='block_1_1' title="bbox 99 165 1167 253">
    <p class='ocr_par' dir='ltr' id='par_1_1' title="bbox 99 165 1167 253">
     <span class='ocr_line' id='line_1_1' title="bbox 99 165 1167 253; baseline -0.006 -7"><span class='ocrx_word' id='word_1_1' title='bbox 99 165 221 253; x_wconf 77' lang='lat' dir='ltr'>var-no</span> <span class='ocrx_word' id='word_1_2' title='bbox 563 182 714 236; x_wconf 70' lang='lat' dir='ltr'>asturum</span> <span class='ocrx_word' id='word_1_3' title='bbox 1128 183 1167 240; x_wconf 86' lang='lat'>85</span> 
     </span>
    </p>
   </div>
   <div class='ocr_carea' id='block_1_2' title="bbox 185 374 1168 541">
    <p class='ocr_par' dir='ltr' id='par_1_2' title="bbox 185 374 1168 541">
     <span class='ocr_line' id='line_1_2' title="bbox 185 374 1092 438; baseline -0.001 0"><span class='ocrx_word' id='word_1_4' title='bbox 185 376 437 438; x_wconf 71' lang='lat' dir='ltr'>autument</span> <span class='ocrx_word' id='word_1_5' title='bbox 481 375 740 437; x_wconf 76' lang='lat' dir='ltr'>PARASl&#39;l&#39;VS</span> <span class='ocrx_word' id='word_1_6' title='bbox 783 374 1092 437; x_wconf 77' lang='lat' dir='ltr'><strong>DEMAENETVS</strong></span> 
     </span>
     <span class='ocr_line' id='line_1_3' title="bbox 326 476 1168 541; baseline 0 -1"><span class='ocrx_word' id='word_1_7' title='bbox 326 478 613 541; x_wconf 77' lang='lat' dir='ltr'>ARGYRIPPVS</span> <span class='ocrx_word' id='word_1_8' title='bbox 657 476 947 539; x_wconf 77' lang='lat' dir='ltr'><strong>PHILAENIVM</strong></span> <span class='ocrx_word' id='word_1_9' title='bbox 1109 479 1168 541; x_wconf 82' lang='lat' dir='ltr'>V2</span> 
     </span>
    </p>
   </div>
   <div class='ocr_carea' id='block_1_3' title="bbox 85 582 1215 3155">
    <p class='ocr_par' dir='ltr' id='par_1_3' title="bbox 102 582 1033 678">
     <span class='ocr_line' id='line_1_4' title="bbox 102 582 1033 678; baseline -0.001 -17"><span class='ocrx_word' id='word_1_10' title='bbox 102 602 174 661; x_wconf 83' lang='lat' dir='ltr'>Aur.</span> <span class='ocrx_word' id='word_1_11' title='bbox 205 582 259 661; x_wconf 77' lang='lat' dir='ltr'>rlin</span> <span class='ocrx_word' id='word_1_12' title='bbox 276 610 309 661; x_wconf 93' lang='lat' dir='ltr'>tu</span> <span class='ocrx_word' id='word_1_13' title='bbox 323 618 421 662; x_wconf 91' lang='lat' dir='ltr'>meum</span> <span class='ocrx_word' id='word_1_14' title='bbox 436 600 531 660; x_wconf 88' lang='lat' dir='ltr'>virum</span> <span class='ocrx_word' id='word_1_15' title='bbox 545 600 593 660; x_wconf 89' lang='lat' dir='ltr'>hlc</span> <span class='ocrx_word' id='word_1_16' title='bbox 608 608 720 678; x_wconf 87' lang='lat' dir='ltr'>potare,</span> <span class='ocrx_word' id='word_1_17' title='bbox 737 599 871 674; x_wconf 83' lang='lat' dir='ltr'>obsecro,</span> <span class='ocrx_word' id='word_1_18' title='bbox 888 617 956 660; x_wconf 93' lang='lat' dir='ltr'>cum</span> <span class='ocrx_word' id='word_1_19' title='bbox 972 599 1033 660; x_wconf 80' lang='lat' dir='ltr'>[tho</span> 
     </span>
    </p>

    <p class='ocr_par' dir='ltr' id='par_1_4' title="bbox 102 685 829 764">
     <span class='ocr_line' id='line_1_5' title="bbox 102 685 829 764; baseline -0.003 -16"><span class='ocrx_word' id='word_1_20' title='bbox 102 687 183 748; x_wconf 92' lang='lat' dir='ltr'>etad</span> <span class='ocrx_word' id='word_1_21' title='bbox 198 686 320 747; x_wconf 79' lang='lat' dir='ltr'><strong>amicam</strong></span> <span class='ocrx_word' id='word_1_22' title='bbox 335 686 473 748; x_wconf 89' lang='lat' dir='ltr'>detulisse</span> <span class='ocrx_word' id='word_1_23' title='bbox 488 685 602 764; x_wconf 83' lang='lat' dir='ltr'>argenti</span> <span class='ocrx_word' id='word_1_24' title='bbox 617 685 719 764; x_wconf 83' lang='lat' dir='ltr'>viginti</span> <span class='ocrx_word' id='word_1_25' title='bbox 734 685 829 746; x_wconf 90' lang='lat' dir='ltr'>minas</span> 
     </span>
    </p>

    <p class='ocr_par' dir='ltr' id='par_1_5' title="bbox 101 767 895 850">
     <span class='ocr_line' id='line_1_6' title="bbox 101 767 895 850; baseline -0.005 -17"><span class='ocrx_word' id='word_1_26' title='bbox 101 789 228 850; x_wconf 88' lang='lat' dir='ltr'>meoque</span> <span class='ocrx_word' id='word_1_27' title='bbox 244 771 303 832; x_wconf 91' lang='lat' dir='ltr'>lilio</span> <span class='ocrx_word' id='word_1_28' title='bbox 320 772 432 832; x_wconf 78' lang='lat' dir='ltr'><strong>sciente</strong></span> <span class='ocrx_word' id='word_1_29' title='bbox 447 770 476 831; x_wconf 96' lang='lat' dir='ltr'>id</span> <span class='ocrx_word' id='word_1_30' title='bbox 491 771 588 831; x_wconf 83' lang='lat' dir='ltr'>facere</span> <span class='ocrx_word' id='word_1_31' title='bbox 603 771 744 850; x_wconf 82' lang='lat' dir='ltr'>flagitium</span> <span class='ocrx_word' id='word_1_32' title='bbox 759 767 895 849; x_wconf 79' lang='lat' dir='ltr'>patrem?</span> 
     </span>
    </p>

    <p class='ocr_par' dir='ltr' id='par_1_6' title="bbox 102 855 1167 936">
     <span class='ocr_line' id='line_1_7' title="bbox 102 855 1167 936; baseline -0.001 -19"><span class='ocrx_word' id='word_1_33' title='bbox 102 858 171 918; x_wconf 80' lang='lat' dir='ltr'>Pan.</span> <span class='ocrx_word' id='word_1_34' title='bbox 193 857 295 935; x_wconf 85' lang='lat' dir='ltr'>Neque</span> <span class='ocrx_word' id='word_1_35' title='bbox 304 856 393 917; x_wconf 88' lang='lat' dir='ltr'>divini</span> <span class='ocrx_word' id='word_1_36' title='bbox 405 874 503 934; x_wconf 86' lang='lat' dir='ltr'>neque</span> <span class='ocrx_word' id='word_1_37' title='bbox 514 855 554 916; x_wconf 90' lang='lat' dir='ltr'>mi</span> <span class='ocrx_word' id='word_1_38' title='bbox 565 856 685 917; x_wconf 91' lang='lat' dir='ltr'>hnmani</span> <span class='ocrx_word' id='word_1_39' title='bbox 697 865 764 936; x_wconf 89' lang='lat' dir='ltr'>post</span> <span class='ocrx_word' id='word_1_40' title='bbox 774 855 992 934; x_wconf 86' lang='lat' dir='ltr'>bacquicquam</span> <span class='ocrx_word' id='word_1_41' title='bbox 1000 855 1167 927; x_wconf 89' lang='lat' dir='ltr'>accreduas‚</span> 
     </span>
    </p>

    <p class='ocr_par' dir='ltr' id='par_1_7' title="bbox 101 941 1168 1016">
     <span class='ocr_line' id='line_1_8' title="bbox 101 941 1168 1016; baseline -0.002 -13"><span class='ocrx_word' id='word_1_42' title='bbox 101 943 270 1016; x_wconf 79' lang='lat' dir='ltr'>Artemona,</span> <span class='ocrx_word' id='word_1_43' title='bbox 286 942 309 1003; x_wconf 94' lang='lat' dir='ltr'>si</span> <span class='ocrx_word' id='word_1_44' title='bbox 325 942 412 1004; x_wconf 91' lang='lat' dir='ltr'>huius</span> <span class='ocrx_word' id='word_1_45' title='bbox 426 942 469 1002; x_wconf 92' lang='lat' dir='ltr'>rei</span> <span class='ocrx_word' id='word_1_46' title='bbox 484 945 531 1002; x_wconf 74' lang='lat' dir='ltr'>me</span> <span class='ocrx_word' id='word_1_47' title='bbox 546 942 717 1002; x_wconf 92' lang='lat' dir='ltr'>mendacem</span> <span class='ocrx_word' id='word_1_48' title='bbox 733 941 890 1002; x_wconf 88' lang='lat' dir='ltr'>inveneris.</span> <span class='ocrx_word' id='word_1_49' title='bbox 1125 950 1168 1001; x_wconf 83' lang='grc'>855</span> 
     </span>
    </p>

    <p class='ocr_par' dir='ltr' id='par_1_8' title="bbox 85 1025 1068 1106">
     <span class='ocr_line' id='line_1_9' title="bbox 85 1025 1068 1106; baseline -0.002 -18"><span class='ocrx_word' id='word_1_50' title='bbox 85 1028 174 1088; x_wconf 65' lang='lat' dir='ltr'>dar.</span> <span class='ocrx_word' id='word_1_51' title='bbox 203 1027 241 1088; x_wconf 80' lang='lat' dir='ltr'>ht</span> <span class='ocrx_word' id='word_1_52' title='bbox 255 1028 378 1089; x_wconf 88' lang='lat' dir='ltr'>scelesta</span> <span class='ocrx_word' id='word_1_53' title='bbox 394 1045 448 1106; x_wconf 84' lang='lat' dir='ltr'>ego</span> <span class='ocrx_word' id='word_1_54' title='bbox 463 1034 581 1106; x_wconf 92' lang='lat' dir='ltr'>practer</span> <span class='ocrx_word' id='word_1_55' title='bbox 596 1027 667 1088; x_wconf 89' lang='lat' dir='ltr'>alios</span> <span class='ocrx_word' id='word_1_56' title='bbox 681 1045 780 1088; x_wconf 90' lang='lat' dir='ltr'>meum</span> <span class='ocrx_word' id='word_1_57' title='bbox 795 1026 890 1087; x_wconf 86' lang='lat' dir='ltr'>virum</span> <span class='ocrx_word' id='word_1_58' title='bbox 905 1025 983 1105; x_wconf 81' lang='lat' dir='ltr'>frugi</span> <span class='ocrx_word' id='word_1_59' title='bbox 997 1033 1068 1099; x_wconf 91' lang='lat' dir='ltr'>rata,</span> 
     </span>
    </p>

    <p class='ocr_par' dir='ltr' id='par_1_9' title="bbox 102 1112 994 1195">
     <span class='ocr_line' id='line_1_10' title="bbox 102 1112 994 1195; baseline -0.003 -20"><span class='ocrx_word' id='word_1_60' title='bbox 102 1115 222 1195; x_wconf 89' lang='lat' dir='ltr'>siccum,</span> <span class='ocrx_word' id='word_1_61' title='bbox 247 1133 264 1172; x_wconf 73' lang='lat' dir='ltr'>a</span> <span class='ocrx_word' id='word_1_62' title='bbox 289 1134 321 1188; x_wconf 72' lang='lat' dir='ltr'>a,</span> <span class='ocrx_word' id='word_1_63' title='bbox 344 1113 557 1186; x_wconf 89' lang='lat' dir='ltr'>continentem,</span> <span class='ocrx_word' id='word_1_64' title='bbox 573 1120 720 1173; x_wconf 90' lang='lat' dir='ltr'>amantem</span> <span class='ocrx_word' id='word_1_65' title='bbox 734 1112 835 1173; x_wconf 85' lang='lat' dir='ltr'>uxoris</span> <span class='ocrx_word' id='word_1_66' title='bbox 850 1129 994 1172; x_wconf 84' lang='lat' dir='ltr'>maxume.</span> 
     </span>
    </p>

    <p class='ocr_par' dir='ltr' id='par_1_10' title="bbox 101 1197 1167 1362">
     <span class='ocr_line' id='line_1_11' title="bbox 101 1197 1167 1271; baseline -0.001 -13"><span class='ocrx_word' id='word_1_67' title='bbox 101 1198 172 1258; x_wconf 80' lang='lat' dir='ltr'>Pan.</span> <span class='ocrx_word' id='word_1_68' title='bbox 202 1198 239 1259; x_wconf 77' lang='lat' dir='ltr'>ht</span> <span class='ocrx_word' id='word_1_69' title='bbox 254 1217 335 1259; x_wconf 94' lang='lat' dir='ltr'>nunc</span> <span class='ocrx_word' id='word_1_70' title='bbox 349 1198 457 1259; x_wconf 93' lang='lat' dir='ltr'>debinc</span> <span class='ocrx_word' id='word_1_71' title='bbox 471 1197 560 1271; x_wconf 89' lang='lat' dir='ltr'>scito,</span> <span class='ocrx_word' id='word_1_72' title='bbox 576 1197 658 1259; x_wconf 90' lang='lat' dir='ltr'>illum</span> <span class='ocrx_word' id='word_1_73' title='bbox 673 1206 741 1258; x_wconf 90' lang='lat' dir='ltr'>ante</span> <span class='ocrx_word' id='word_1_74' title='bbox 757 1215 860 1260; x_wconf 91' lang='lat' dir='ltr'>omnes</span> <span class='ocrx_word' id='word_1_75' title='bbox 874 1197 997 1258; x_wconf 90' lang='lat' dir='ltr'>miuumi</span> <span class='ocrx_word' id='word_1_76' title='bbox 1012 1198 1167 1259; x_wconf 82' lang='lat' dir='ltr'>mortalem</span> 
     </span>
     <span class='ocr_line' id='line_1_12' title="bbox 456 1283 542 1362; baseline -0.012 -19"><span class='ocrx_word' id='word_1_77' title='bbox 456 1283 542 1362; x_wconf 89' lang='lat' dir='ltr'>preti,</span> 
     </span>
    </p>

    <p class='ocr_par' dir='ltr' id='par_1_11' title="bbox 101 1367 1064 1446">
     <span class='ocr_line' id='line_1_13' title="bbox 101 1367 1064 1446; baseline 0 -18"><span class='ocrx_word' id='word_1_78' title='bbox 101 1368 260 1442; x_wconf 90' lang='lat' dir='ltr'>madidum,</span> <span class='ocrx_word' id='word_1_79' title='bbox 276 1368 370 1442; x_wconf 88' lang='lat' dir='ltr'>nihili,</span> <span class='ocrx_word' id='word_1_80' title='bbox 384 1368 621 1429; x_wconf 79' lang='lat' dir='ltr'>incontinentem</span> <span class='ocrx_word' id='word_1_81' title='bbox 637 1375 724 1446; x_wconf 90' lang='lat' dir='ltr'>atque</span> <span class='ocrx_word' id='word_1_82' title='bbox 739 1385 856 1428; x_wconf 90' lang='lat' dir='ltr'>osorem</span> <span class='ocrx_word' id='word_1_83' title='bbox 870 1367 971 1429; x_wconf 82' lang='lat' dir='ltr'>uxoris</span> <span class='ocrx_word' id='word_1_84' title='bbox 985 1385 1064 1430; x_wconf 88' lang='lat' dir='ltr'>suae.</span> 
     </span>
    </p>

    <p class='ocr_par' dir='ltr' id='par_1_12' title="bbox 102 1453 1215 1532">
     <span class='ocr_line' id='line_1_14' title="bbox 102 1453 1215 1532; baseline 0.001 -18"><span class='ocrx_word' id='word_1_85' title='bbox 102 1454 174 1514; x_wconf 85' lang='lat' dir='ltr'>Anr.</span> <span class='ocrx_word' id='word_1_86' title='bbox 182 1454 236 1515; x_wconf 95' lang='lat' dir='ltr'>Pol</span> <span class='ocrx_word' id='word_1_87' title='bbox 245 1455 350 1515; x_wconf 88' lang='lat' dir='ltr'>nivera</span> <span class='ocrx_word' id='word_1_88' title='bbox 357 1455 412 1515; x_wconf 91' lang='lat' dir='ltr'>ista</span> <span class='ocrx_word' id='word_1_89' title='bbox 419 1461 526 1526; x_wconf 89' lang='lat' dir='ltr'>essent,</span> <span class='ocrx_word' id='word_1_90' title='bbox 539 1471 699 1531; x_wconf 89' lang='lat' dir='ltr'>numquam</span> <span class='ocrx_word' id='word_1_91' title='bbox 707 1453 1113 1532; x_wconf 82' lang='lat' dir='ltr'>facereteaquaenuncfaoit.</span> <span class='ocrx_word' id='word_1_92' title='bbox 1125 1464 1169 1515; x_wconf 84' lang='grc'>866</span> <span class='ocrx_word' id='word_1_93' title='bbox 1213 1498 1215 1503; x_wconf 50' lang='lat'>&gt;</span> 
     </span>
    </p>

    <p class='ocr_par' dir='ltr' id='par_1_13' title="bbox 102 1538 1167 1704">
     <span class='ocr_line' id='line_1_15' title="bbox 102 1538 1167 1619; baseline 0 -19"><span class='ocrx_word' id='word_1_94' title='bbox 102 1540 171 1600; x_wconf 81' lang='lat' dir='ltr'>Pan.</span> <span class='ocrx_word' id='word_1_95' title='bbox 202 1540 264 1619; x_wconf 82' lang='lat' dir='ltr'>Ego</span> <span class='ocrx_word' id='word_1_96' title='bbox 287 1558 406 1619; x_wconf 83' lang='lat' dir='ltr'>quoque</span> <span class='ocrx_word' id='word_1_97' title='bbox 427 1539 526 1600; x_wconf 87' lang='lat' dir='ltr'>hercle</span> <span class='ocrx_word' id='word_1_98' title='bbox 546 1538 628 1599; x_wconf 92' lang='lat' dir='ltr'>illum</span> <span class='ocrx_word' id='word_1_99' title='bbox 651 1540 775 1600; x_wconf 89' lang='lat' dir='ltr'>antehae</span> <span class='ocrx_word' id='word_1_100' title='bbox 796 1538 947 1600; x_wconf 92' lang='lat' dir='ltr'>hominem</span> <span class='ocrx_word' id='word_1_101' title='bbox 968 1557 1085 1618; x_wconf 86' lang='lat' dir='ltr'>semper</span> <span class='ocrx_word' id='word_1_102' title='bbox 1102 1558 1167 1602; x_wconf 90' lang='lat' dir='ltr'>sum</span> 
     </span>
     <span class='ocr_line' id='line_1_16' title="bbox 455 1625 637 1704; baseline 0.005 -20"><span class='ocrx_word' id='word_1_103' title='bbox 455 1625 532 1704; x_wconf 83' lang='lat' dir='ltr'>frugi</span> <span class='ocrx_word' id='word_1_104' title='bbox 547 1632 637 1699; x_wconf 91' lang='lat' dir='ltr'>ratus,</span> 
     </span>
    </p>

    <p class='ocr_par' dir='ltr' id='par_1_14' title="bbox 102 1708 958 1788">
     <span class='ocr_line' id='line_1_17' title="bbox 102 1708 958 1788; baseline 0 -18"><span class='ocrx_word' id='word_1_105' title='bbox 102 1729 204 1772; x_wconf 86' lang='lat' dir='ltr'>verum</span> <span class='ocrx_word' id='word_1_106' title='bbox 217 1711 275 1771; x_wconf 96' lang='lat' dir='ltr'>hoc</span> <span class='ocrx_word' id='word_1_107' title='bbox 290 1711 366 1770; x_wconf 90' lang='lat' dir='ltr'>lacto</span> <span class='ocrx_word' id='word_1_108' title='bbox 382 1729 446 1771; x_wconf 92' lang='lat' dir='ltr'>sese</span> <span class='ocrx_word' id='word_1_109' title='bbox 462 1709 599 1783; x_wconf 87' lang='lat' dir='ltr'>ostendit,</span> <span class='ocrx_word' id='word_1_110' title='bbox 615 1708 798 1788; x_wconf 89' lang='lat' dir='ltr'>quiquidem</span> <span class='ocrx_word' id='word_1_111' title='bbox 815 1728 882 1770; x_wconf 90' lang='lat' dir='ltr'>cum</span> <span class='ocrx_word' id='word_1_112' title='bbox 898 1709 958 1770; x_wconf 85' lang='lat' dir='ltr'>fibo</span> 
     </span>
    </p>

    <p class='ocr_par' dir='ltr' id='par_1_15' title="bbox 102 1794 992 1874">
     <span class='ocr_line' id='line_1_18' title="bbox 102 1794 992 1874; baseline 0.001 -18"><span class='ocrx_word' id='word_1_113' title='bbox 102 1804 185 1874; x_wconf 89' lang='lat' dir='ltr'>potet</span> <span class='ocrx_word' id='word_1_114' title='bbox 199 1814 258 1856; x_wconf 92' lang='lat' dir='ltr'>una</span> <span class='ocrx_word' id='word_1_115' title='bbox 274 1803 362 1873; x_wconf 89' lang='lat' dir='ltr'>atque</span> <span class='ocrx_word' id='word_1_116' title='bbox 377 1813 436 1856; x_wconf 91' lang='lat' dir='ltr'>una</span> <span class='ocrx_word' id='word_1_117' title='bbox 451 1795 572 1855; x_wconf 90' lang='lat' dir='ltr'>amicam</span> <span class='ocrx_word' id='word_1_118' title='bbox 588 1795 697 1868; x_wconf 88' lang='lat' dir='ltr'>ductet,</span> <span class='ocrx_word' id='word_1_119' title='bbox 709 1794 877 1874; x_wconf 88' lang='lat' dir='ltr'>decrepitus</span> <span class='ocrx_word' id='word_1_120' title='bbox 892 1813 992 1857; x_wconf 83' lang='lat' dir='ltr'>senex.</span> 
     </span>
    </p>

    <p class='ocr_par' dir='ltr' id='par_1_16' title="bbox 102 1879 963 1958">
     <span class='ocr_line' id='line_1_19' title="bbox 102 1879 963 1958; baseline 0.001 -18"><span class='ocrx_word' id='word_1_121' title='bbox 102 1880 173 1941; x_wconf 79' lang='lat' dir='ltr'>hur.</span> <span class='ocrx_word' id='word_1_122' title='bbox 204 1881 267 1942; x_wconf 91' lang='lat' dir='ltr'>Hoc</span> <span class='ocrx_word' id='word_1_123' title='bbox 282 1888 397 1942; x_wconf 79' lang='lat' dir='ltr'>ecastor</span> <span class='ocrx_word' id='word_1_124' title='bbox 412 1887 457 1942; x_wconf 91' lang='lat' dir='ltr'>est</span> <span class='ocrx_word' id='word_1_125' title='bbox 472 1881 550 1958; x_wconf 90' lang='lat' dir='ltr'>quod</span> <span class='ocrx_word' id='word_1_126' title='bbox 564 1879 613 1940; x_wconf 90' lang='lat' dir='ltr'>ille</span> <span class='ocrx_word' id='word_1_127' title='bbox 628 1880 651 1940; x_wconf 93' lang='lat' dir='ltr'>it</span> <span class='ocrx_word' id='word_1_128' title='bbox 665 1881 699 1941; x_wconf 90' lang='lat' dir='ltr'>ad</span> <span class='ocrx_word' id='word_1_129' title='bbox 716 1898 819 1941; x_wconf 89' lang='lat' dir='ltr'>cenam</span> <span class='ocrx_word' id='word_1_130' title='bbox 835 1879 963 1941; x_wconf 84' lang='lat' dir='ltr'>cottidie.</span> 
     </span>
    </p>

    <p class='ocr_par' dir='ltr' id='par_1_17' title="bbox 101 1965 1168 2040">
     <span class='ocr_line' id='line_1_20' title="bbox 101 1965 1168 2040; baseline 0.002 -14"><span class='ocrx_word' id='word_1_131' title='bbox 101 1966 141 2027; x_wconf 92' lang='lat' dir='ltr'>ait</span> <span class='ocrx_word' id='word_1_132' title='bbox 155 1985 218 2028; x_wconf 89' lang='lat' dir='ltr'>sese</span> <span class='ocrx_word' id='word_1_133' title='bbox 234 1967 277 2027; x_wconf 92' lang='lat' dir='ltr'>ire</span> <span class='ocrx_word' id='word_1_134' title='bbox 292 1965 326 2025; x_wconf 94' lang='lat' dir='ltr'>ad</span> <span class='ocrx_word' id='word_1_135' title='bbox 342 1965 559 2038; x_wconf 83' lang='lat' dir='ltr'>Archidemum,</span> <span class='ocrx_word' id='word_1_136' title='bbox 577 1965 744 2040; x_wconf 84' lang='lat' dir='ltr'>Chaeream,</span> <span class='ocrx_word' id='word_1_137' title='bbox 761 1965 1004 2040; x_wconf 88' lang='lat' dir='ltr'>Chaerestraturu‚</span> <span class='ocrx_word' id='word_1_138' title='bbox 1125 1977 1168 2028; x_wconf 83' lang='grc'>865</span> 
     </span>
    </p>

    <p class='ocr_par' dir='ltr' id='par_1_18' title="bbox 102 2051 985 2125">
     <span class='ocr_line' id='line_1_21' title="bbox 102 2051 985 2125; baseline -0.002 -12"><span class='ocrx_word' id='word_1_139' title='bbox 102 2051 234 2124; x_wconf 88' lang='lat' dir='ltr'>Cliniam,</span> <span class='ocrx_word' id='word_1_140' title='bbox 251 2051 413 2123; x_wconf 83' lang='lat' dir='ltr'>Chremem,</span> <span class='ocrx_word' id='word_1_141' title='bbox 430 2052 591 2124; x_wconf 86' lang='lat' dir='ltr'>Cratinum,</span> <span class='ocrx_word' id='word_1_142' title='bbox 607 2051 731 2125; x_wconf 88' lang='lat' dir='ltr'>Diniam,</span> <span class='ocrx_word' id='word_1_143' title='bbox 747 2052 985 2113; x_wconf 86' lang='lat' dir='ltr'>Demosthenem.</span> 
     </span>
    </p>

    <p class='ocr_par' dir='ltr' id='par_1_19' title="bbox 101 2136 954 2216">
     <span class='ocr_line' id='line_1_22' title="bbox 101 2136 954 2216; baseline 0 -19"><span class='ocrx_word' id='word_1_144' title='bbox 101 2137 125 2198; x_wconf 94' lang='lat' dir='ltr'>is</span> <span class='ocrx_word' id='word_1_145' title='bbox 140 2137 218 2216; x_wconf 87' lang='lat' dir='ltr'>apud</span> <span class='ocrx_word' id='word_1_146' title='bbox 233 2144 364 2198; x_wconf 91' lang='lat' dir='ltr'>scortum</span> <span class='ocrx_word' id='word_1_147' title='bbox 380 2136 596 2216; x_wconf 88' lang='lat' dir='ltr'>corruptelaest</span> <span class='ocrx_word' id='word_1_148' title='bbox 610 2136 718 2210; x_wconf 87' lang='lat' dir='ltr'>liberis,</span> <span class='ocrx_word' id='word_1_149' title='bbox 734 2137 954 2212; x_wconf 87' lang='lat' dir='ltr'>lustrisstudet.</span> 
     </span>
    </p>

    <p class='ocr_par' dir='ltr' id='par_1_20' title="bbox 100 2220 1107 2301">
     <span class='ocr_line' id='line_1_23' title="bbox 100 2220 1107 2301; baseline 0.002 -19"><span class='ocrx_word' id='word_1_150' title='bbox 100 2223 170 2282; x_wconf 79' lang='lat' dir='ltr'>Pan.</span> <span class='ocrx_word' id='word_1_151' title='bbox 201 2222 279 2294; x_wconf 87' lang='lat' dir='ltr'>Quin</span> <span class='ocrx_word' id='word_1_152' title='bbox 294 2229 328 2282; x_wconf 89' lang='lat' dir='ltr'>tu</span> <span class='ocrx_word' id='word_1_153' title='bbox 342 2222 424 2282; x_wconf 90' lang='lat' dir='ltr'>illum</span> <span class='ocrx_word' id='word_1_154' title='bbox 440 2221 524 2283; x_wconf 90' lang='lat' dir='ltr'>iubes</span> <span class='ocrx_word' id='word_1_155' title='bbox 539 2222 659 2284; x_wconf 87' lang='lat' dir='ltr'>ancillas</span> <span class='ocrx_word' id='word_1_156' title='bbox 673 2241 778 2301; x_wconf 90' lang='lat' dir='ltr'>rapere</span> <span class='ocrx_word' id='word_1_157' title='bbox 793 2222 948 2284; x_wconf 89' lang='lat' dir='ltr'>sublimem</span> <span class='ocrx_word' id='word_1_158' title='bbox 964 2220 1107 2284; x_wconf 75' lang='lat' dir='ltr'>domum?</span> 
     </span>
    </p>

    <p class='ocr_par' dir='ltr' id='par_1_21' title="bbox 101 2302 1168 2471">
     <span class='ocr_line' id='line_1_24' title="bbox 101 2302 1168 2391; baseline 0.002 -24"><span class='ocrx_word' id='word_1_159' title='bbox 101 2307 172 2369; x_wconf 77' lang='lat' dir='ltr'>hur.</span> <span class='ocrx_word' id='word_1_160' title='bbox 202 2307 278 2368; x_wconf 88' lang='lat' dir='ltr'>Tace</span> <span class='ocrx_word' id='word_1_161' title='bbox 290 2308 388 2368; x_wconf 88' lang='lat' dir='ltr'>modo.</span> <span class='ocrx_word' id='word_1_162' title='bbox 416 2327 453 2368; x_wconf 93' lang='lat' dir='ltr'>ne</span> <span class='ocrx_word' id='word_1_163' title='bbox 466 2302 545 2391; x_wconf 86' lang='lat' dir='ltr'>[ego]</span> <span class='ocrx_word' id='word_1_164' title='bbox 559 2308 640 2368; x_wconf 92' lang='lat' dir='ltr'>illum</span> <span class='ocrx_word' id='word_1_165' title='bbox 652 2317 767 2369; x_wconf 87' lang='lat' dir='ltr'>ecastor</span> <span class='ocrx_word' id='word_1_166' title='bbox 777 2308 918 2369; x_wconf 89' lang='lat' dir='ltr'>miserum</span> <span class='ocrx_word' id='word_1_167' title='bbox 929 2307 1054 2369; x_wconf 87' lang='lat' dir='ltr'>habebo.</span> <span class='ocrx_word' id='word_1_168' title='bbox 1098 2309 1168 2370; x_wconf 73' lang='lat' dir='ltr'>Plu.</span> 
     </span>
     <span class='ocr_line' id='line_1_25' title="bbox 453 2392 694 2471; baseline 0.004 -20"><span class='ocrx_word' id='word_1_169' title='bbox 453 2392 517 2471; x_wconf 87' lang='lat' dir='ltr'>Ego</span> <span class='ocrx_word' id='word_1_170' title='bbox 533 2394 608 2453; x_wconf 85' lang='lat' dir='ltr'>istuc</span> <span class='ocrx_word' id='word_1_171' title='bbox 623 2393 694 2466; x_wconf 90' lang='lat' dir='ltr'>scio,</span> 
     </span>
    </p>

    <p class='ocr_par' dir='ltr' id='par_1_22' title="bbox 100 2476 1169 2558">
     <span class='ocr_line' id='line_1_26' title="bbox 100 2476 1169 2558; baseline 0.004 -22"><span class='ocrx_word' id='word_1_172' title='bbox 100 2476 138 2536; x_wconf 92' lang='lat' dir='ltr'>ita</span> <span class='ocrx_word' id='word_1_173' title='bbox 148 2478 212 2537; x_wconf 87' lang='lat' dir='ltr'>fore</span> <span class='ocrx_word' id='word_1_174' title='bbox 224 2476 264 2536; x_wconf 95' lang='lat' dir='ltr'>illi</span> <span class='ocrx_word' id='word_1_175' title='bbox 272 2476 340 2537; x_wconf 91' lang='lat' dir='ltr'>dum</span> <span class='ocrx_word' id='word_1_176' title='bbox 348 2477 465 2556; x_wconf 91' lang='lat' dir='ltr'>quidem</span> <span class='ocrx_word' id='word_1_177' title='bbox 473 2482 541 2538; x_wconf 85' lang='lat' dir='ltr'>crim</span> <span class='ocrx_word' id='word_1_178' title='bbox 552 2478 601 2538; x_wconf 96' lang='lat' dir='ltr'>illo</span> <span class='ocrx_word' id='word_1_179' title='bbox 615 2488 707 2558; x_wconf 86' lang='lat' dir='ltr'>nupta</span> <span class='ocrx_word' id='word_1_180' title='bbox 719 2477 785 2540; x_wconf 90' lang='lat' dir='ltr'>eris.</span> <span class='ocrx_word' id='word_1_181' title='bbox 814 2477 885 2537; x_wconf 78' lang='lat' dir='ltr'>har.</span> <span class='ocrx_word' id='word_1_182' title='bbox 907 2476 970 2556; x_wconf 85' lang='lat' dir='ltr'>Ego</span> <span class='ocrx_word' id='word_1_183' title='bbox 983 2498 1100 2542; x_wconf 91' lang='lat' dir='ltr'>censeo.</span> <span class='ocrx_word' id='word_1_184' title='bbox 1125 2489 1169 2540; x_wconf 84' lang='grc'>876</span> 
     </span>
    </p>

    <p class='ocr_par' dir='ltr' id='par_1_23' title="bbox 100 2558 1166 2646">
     <span class='ocr_line' id='line_1_27' title="bbox 100 2558 1166 2646; baseline 0.002 -22"><span class='ocrx_word' id='word_1_185' title='bbox 100 2580 165 2624; x_wconf 89' lang='lat' dir='ltr'>suru</span> <span class='ocrx_word' id='word_1_186' title='bbox 181 2562 268 2622; x_wconf 78' lang='lat' dir='ltr'>etiam</span> <span class='ocrx_word' id='word_1_187' title='bbox 284 2558 369 2646; x_wconf 89' lang='lat' dir='ltr'>[rata]</span> <span class='ocrx_word' id='word_1_188' title='bbox 386 2563 536 2623; x_wconf 90' lang='lat' dir='ltr'>hominem</span> <span class='ocrx_word' id='word_1_189' title='bbox 551 2563 581 2623; x_wconf 95' lang='lat' dir='ltr'>in</span> <span class='ocrx_word' id='word_1_190' title='bbox 598 2572 702 2624; x_wconf 88' lang='lat' dir='ltr'>senatu</span> <span class='ocrx_word' id='word_1_191' title='bbox 718 2563 787 2623; x_wconf 93' lang='lat' dir='ltr'>dare</span> <span class='ocrx_word' id='word_1_192' title='bbox 803 2580 922 2642; x_wconf 87' lang='lat' dir='ltr'>operam</span> <span class='ocrx_word' id='word_1_193' title='bbox 934 2572 985 2626; x_wconf 91' lang='lat' dir='ltr'>aut</span> <span class='ocrx_word' id='word_1_194' title='bbox 1000 2563 1166 2640; x_wconf 89' lang='lat' dir='ltr'>clientibus,</span> 
     </span>
    </p>

    <p class='ocr_par' dir='ltr' id='par_1_24' title="bbox 100 2646 840 2710">
     <span class='ocr_line' id='line_1_28' title="bbox 100 2646 840 2710; baseline 0 -3"><span class='ocrx_word' id='word_1_195' title='bbox 100 2646 141 2707; x_wconf 94' lang='lat' dir='ltr'>ibi</span> <span class='ocrx_word' id='word_1_196' title='bbox 155 2646 256 2708; x_wconf 89' lang='lat' dir='ltr'>labore</span> <span class='ocrx_word' id='word_1_197' title='bbox 271 2647 445 2709; x_wconf 89' lang='lat' dir='ltr'>delassatum</span> <span class='ocrx_word' id='word_1_198' title='bbox 462 2655 579 2708; x_wconf 90' lang='lat' dir='ltr'>noctem</span> <span class='ocrx_word' id='word_1_199' title='bbox 595 2654 685 2709; x_wconf 93' lang='lat' dir='ltr'>totam</span> <span class='ocrx_word' id='word_1_200' title='bbox 700 2655 840 2710; x_wconf 87' lang='lat' dir='ltr'>stertere:</span> 
     </span>
    </p>

    <p class='ocr_par' dir='ltr' id='par_1_25' title="bbox 100 2731 989 2812">
     <span class='ocr_line' id='line_1_29' title="bbox 100 2731 989 2812; baseline 0.002 -19"><span class='ocrx_word' id='word_1_201' title='bbox 100 2732 148 2793; x_wconf 89' lang='lat' dir='ltr'>ille</span> <span class='ocrx_word' id='word_1_202' title='bbox 163 2751 253 2812; x_wconf 89' lang='lat' dir='ltr'>opere</span> <span class='ocrx_word' id='word_1_203' title='bbox 269 2733 340 2794; x_wconf 84' lang='lat' dir='ltr'>foris</span> <span class='ocrx_word' id='word_1_204' title='bbox 355 2733 493 2794; x_wconf 92' lang='lat' dir='ltr'>faciundo</span> <span class='ocrx_word' id='word_1_205' title='bbox 509 2733 602 2795; x_wconf 92' lang='lat' dir='ltr'>lassus</span> <span class='ocrx_word' id='word_1_206' title='bbox 618 2742 709 2795; x_wconf 92' lang='lat' dir='ltr'>noctu</span> <span class='ocrx_word' id='word_1_207' title='bbox 724 2734 769 2810; x_wconf 90' lang='lat' dir='ltr'>[ad</span> <span class='ocrx_word' id='word_1_208' title='bbox 784 2731 842 2810; x_wconf 90' lang='lat' dir='ltr'>me]</span> <span class='ocrx_word' id='word_1_209' title='bbox 858 2733 989 2810; x_wconf 88' lang='lat' dir='ltr'>advenit;</span> 
     </span>
    </p>

    <p class='ocr_par' dir='ltr' id='par_1_26' title="bbox 98 2817 930 2892">
     <span class='ocr_line' id='line_1_30' title="bbox 98 2817 930 2892; baseline 0.002 -15"><span class='ocrx_word' id='word_1_210' title='bbox 98 2818 223 2878; x_wconf 83' lang='lat' dir='ltr'>fundum</span> <span class='ocrx_word' id='word_1_211' title='bbox 237 2817 365 2878; x_wconf 87' lang='lat' dir='ltr'>alienum</span> <span class='ocrx_word' id='word_1_212' title='bbox 380 2826 450 2892; x_wconf 87' lang='lat' dir='ltr'>arat,</span> <span class='ocrx_word' id='word_1_213' title='bbox 466 2818 611 2880; x_wconf 91' lang='lat' dir='ltr'>incultum</span> <span class='ocrx_word' id='word_1_214' title='bbox 626 2819 798 2880; x_wconf 83' lang='lat' dir='ltr'>familiarem</span> <span class='ocrx_word' id='word_1_215' title='bbox 813 2818 930 2880; x_wconf 89' lang='lat' dir='ltr'>deserit.</span> 
     </span>
    </p>

    <p class='ocr_par' dir='ltr' id='par_1_27' title="bbox 99 2903 1167 2984">
     <span class='ocr_line' id='line_1_31' title="bbox 99 2903 1167 2984; baseline 0.003 -21"><span class='ocrx_word' id='word_1_216' title='bbox 99 2903 123 2964; x_wconf 93' lang='lat' dir='ltr'>is</span> <span class='ocrx_word' id='word_1_217' title='bbox 138 2903 224 2964; x_wconf 91' lang='lat' dir='ltr'>etiam</span> <span class='ocrx_word' id='word_1_218' title='bbox 240 2912 397 2983; x_wconf 87' lang='lat' dir='ltr'>corruptus</span> <span class='ocrx_word' id='word_1_219' title='bbox 414 2922 503 2984; x_wconf 88' lang='lat' dir='ltr'>porro</span> <span class='ocrx_word' id='word_1_220' title='bbox 518 2923 603 2965; x_wconf 90' lang='lat' dir='ltr'>suom</span> <span class='ocrx_word' id='word_1_221' title='bbox 619 2904 783 2984; x_wconf 89' lang='lat' dir='ltr'>corrumpit</span> <span class='ocrx_word' id='word_1_222' title='bbox 797 2904 899 2966; x_wconf 88' lang='lat' dir='ltr'>lilium.</span> <span class='ocrx_word' id='word_1_223' title='bbox 1124 2915 1167 2967; x_wconf 80' lang='grc'>875</span> 
     </span>
    </p>

    <p class='ocr_par' dir='ltr' id='par_1_28' title="bbox 99 2989 1167 3155">
     <span class='ocr_line' id='line_1_32' title="bbox 99 2989 1167 3068; baseline 0.003 -20"><span class='ocrx_word' id='word_1_224' title='bbox 99 2989 168 3048; x_wconf 79' lang='lat' dir='ltr'>Pan.</span> <span class='ocrx_word' id='word_1_225' title='bbox 199 2989 329 3067; x_wconf 77' lang='lat' dir='ltr'>Sequere</span> <span class='ocrx_word' id='word_1_226' title='bbox 344 2990 398 3051; x_wconf 90' lang='lat' dir='ltr'>bac</span> <span class='ocrx_word' id='word_1_227' title='bbox 413 3009 460 3051; x_wconf 91' lang='lat' dir='ltr'>me</span> <span class='ocrx_word' id='word_1_228' title='bbox 472 2991 569 3064; x_wconf 85' lang='lat' dir='ltr'>modo,</span> <span class='ocrx_word' id='word_1_229' title='bbox 584 2991 641 3051; x_wconf 92' lang='lat' dir='ltr'>iam</span> <span class='ocrx_word' id='word_1_230' title='bbox 653 2992 719 3052; x_wconf 83' lang='lat' dir='ltr'>faxo</span> <span class='ocrx_word' id='word_1_231' title='bbox 730 2990 828 3068; x_wconf 87' lang='lat' dir='ltr'>ipsum</span> <span class='ocrx_word' id='word_1_232' title='bbox 839 2990 989 3052; x_wconf 92' lang='lat' dir='ltr'>hominem</span> <span class='ocrx_word' id='word_1_233' title='bbox 1001 2991 1167 3053; x_wconf 85' lang='lat' dir='ltr'>manufesto</span> 
     </span>
     <span class='ocr_line' id='line_1_33' title="bbox 453 3094 611 3155; baseline -0.006 -19"><span class='ocrx_word' id='word_1_234' title='bbox 453 3094 611 3155; x_wconf 78' lang='lat' dir='ltr'>opprimas.</span> 
     </span>
    </p>
   </div>
   <div class='ocr_carea' id='block_1_4' title="bbox 95 3276 1168 4026">
    <p class='ocr_par' dir='ltr' id='par_1_29' title="bbox 95 3276 1168 4026">
     <span class='ocr_line' id='line_1_34' title="bbox 167 3276 1100 3338; baseline -0.004 -9"><span class='ocrx_word' id='word_1_235' title='bbox 167 3281 214 3330; x_wconf 82' lang='lat'>851</span> <span class='ocrx_word' id='word_1_236' title='bbox 234 3277 343 3330; x_wconf 81' lang='lat' dir='ltr'>lllvnrna.</span> <span class='ocrx_word' id='word_1_237' title='bbox 360 3291 504 3329; x_wconf 77' lang='lat' dir='ltr'>rnansrrvs.</span> <span class='ocrx_word' id='word_1_238' title='bbox 517 3291 603 3327; x_wconf 82' lang='lat' dir='ltr'>snnnx.</span> <span class='ocrx_word' id='word_1_239' title='bbox 620 3291 783 3327; x_wconf 75' lang='lat' dir='ltr'>inconsonus.</span> <span class='ocrx_word' id='word_1_240' title='bbox 801 3289 928 3326; x_wconf 80' lang='lat' dir='ltr'>unnnrrux</span> <span class='ocrx_word' id='word_1_241' title='bbox 941 3276 995 3338; x_wconf 80' lang='lat' dir='ltr'>Bu,</span> <span class='ocrx_word' id='word_1_242' title='bbox 1013 3291 1062 3327; x_wconf 85' lang='lat' dir='ltr'>om.</span> <span class='ocrx_word' id='word_1_243' title='bbox 1074 3276 1100 3325; x_wconf 84' lang='grc'>1)</span> 
     </span>
     <span class='ocr_line' id='line_1_35' title="bbox 99 3342 1167 3411; baseline -0.003 -13"><span class='ocrx_word' id='word_1_244' title='bbox 99 3362 197 3398; x_wconf 88' lang='lat' dir='ltr'>mecum</span> <span class='ocrx_word' id='word_1_245' title='bbox 209 3347 270 3398; x_wconf 73' lang='lat' dir='ltr'>mu</span> <span class='ocrx_word' id='word_1_246' title='bbox 337 3350 426 3411; x_wconf 89' lang='lat' dir='ltr'>potare</span> <span class='ocrx_word' id='word_1_247' title='bbox 445 3345 486 3396; x_wconf 88' lang='lat' dir='ltr'>hic</span> <span class='ocrx_word' id='word_1_248' title='bbox 504 3344 609 3395; x_wconf 82' lang='lat' dir='ltr'>Reizius</span> <span class='ocrx_word' id='word_1_249' title='bbox 678 3347 727 3397; x_wconf 89' lang='grc'>853</span> <span class='ocrx_word' id='word_1_250' title='bbox 746 3345 837 3396; x_wconf 86' lang='lat' dir='ltr'>scienti</span> <span class='ocrx_word' id='word_1_251' title='bbox 855 3344 892 3394; x_wconf 77' lang='lat' dir='ltr'>Ba</span> <span class='ocrx_word' id='word_1_252' title='bbox 960 3346 1011 3397; x_wconf 84' lang='lat'>854</span> <span class='ocrx_word' id='word_1_253' title='bbox 1028 3342 1112 3395; x_wconf 87' lang='lat' dir='ltr'>divina</span> <span class='ocrx_word' id='word_1_254' title='bbox 1127 3346 1167 3395; x_wconf 70' lang='lat' dir='ltr'>I)a</span> 
     </span>
     <span class='ocr_line' id='line_1_36' title="bbox 99 3412 1167 3478; baseline -0.002 -11"><span class='ocrx_word' id='word_1_255' title='bbox 99 3418 147 3468; x_wconf 82' lang='lat'>855</span> <span class='ocrx_word' id='word_1_256' title='bbox 165 3414 230 3478; x_wconf 71' lang='lat' dir='ltr'>¹&#39;me]</span> <span class='ocrx_word' id='word_1_257' title='bbox 250 3429 291 3465; x_wconf 88' lang='lat' dir='ltr'>me</span> <span class='ocrx_word' id='word_1_258' title='bbox 309 3428 366 3464; x_wconf 90' lang='lat' dir='ltr'>esse</span> <span class='ocrx_word' id='word_1_259' title='bbox 436 3416 483 3466; x_wconf 91' lang='grc'>857</span> <span class='ocrx_word' id='word_1_260' title='bbox 503 3414 597 3465; x_wconf 88' lang='lat' dir='ltr'>siceum</span> <span class='ocrx_word' id='word_1_261' title='bbox 612 3413 676 3478; x_wconf 74' lang='lat' dir='ltr'>frugi</span> <span class='ocrx_word' id='word_1_262' title='bbox 690 3413 862 3464; x_wconf 90' lang='lat' dir='ltr'>continentem</span> <span class='ocrx_word' id='word_1_263' title='bbox 875 3412 959 3476; x_wconf 73' lang='lat' dir='ltr'>codd,</span> <span class='ocrx_word' id='word_1_264' title='bbox 977 3412 1072 3464; x_wconf 84' lang='lat' dir='ltr'>siccum</span> <span class='ocrx_word' id='word_1_265' title='bbox 1086 3416 1167 3476; x_wconf 84' lang='lat' dir='ltr'>[sanc-</span> 
     </span>
     <span class='ocr_line' id='line_1_37' title="bbox 99 3481 1168 3546; baseline -0.002 -12"><span class='ocrx_word' id='word_1_266' title='bbox 99 3487 161 3546; x_wconf 88' lang='lat' dir='ltr'>tum]</span> <span class='ocrx_word' id='word_1_267' title='bbox 180 3483 352 3534; x_wconf 88' lang='lat' dir='ltr'>continentem</span> <span class='ocrx_word' id='word_1_268' title='bbox 371 3481 527 3532; x_wconf 71' lang='lat' dir='ltr'>Riooeeto‘oa</span> <span class='ocrx_word' id='word_1_269' title='bbox 546 3482 562 3532; x_wconf 92' lang='lat' dir='ltr'>l.</span> <span class='ocrx_word' id='word_1_270' title='bbox 577 3499 597 3533; x_wconf 84' lang='grc'>5.</span> <span class='ocrx_word' id='word_1_271' title='bbox 613 3481 646 3533; x_wconf 87' lang='lat'>66</span> <span class='ocrx_word' id='word_1_272' title='bbox 716 3483 765 3534; x_wconf 88' lang='grc'>859</span> <span class='ocrx_word' id='word_1_273' title='bbox 782 3483 893 3532; x_wconf 73' lang='lat' dir='ltr'>Plautus</span> <span class='ocrx_word' id='word_1_274' title='bbox 909 3483 1045 3546; x_wconf 71' lang='lat' dir='ltr'>acrdpea&#39;aac</span> <span class='ocrx_word' id='word_1_275' title='bbox 1062 3481 1168 3532; x_wconf 79' lang='lat' dir='ltr'>videtur</span> 
     </span>
     <span class='ocr_line' id='line_1_38' title="bbox 98 3549 1100 3612; baseline -0.002 -10"><span class='ocrx_word' id='word_1_276' title='bbox 98 3567 199 3603; x_wconf 90' lang='lat' dir='ltr'>osorem</span> <span class='ocrx_word' id='word_1_277' title='bbox 214 3551 300 3602; x_wconf 85' lang='lat' dir='ltr'>uxoris</span> <span class='ocrx_word' id='word_1_278' title='bbox 318 3564 461 3601; x_wconf 85' lang='lat' dir='ltr'>maxumum</span> <span class='ocrx_word' id='word_1_279' title='bbox 524 3552 574 3602; x_wconf 88' lang='grc'>866</span> <span class='ocrx_word' id='word_1_280' title='bbox 591 3550 640 3601; x_wconf 86' lang='lat' dir='ltr'>ista</span> <span class='ocrx_word' id='word_1_281' title='bbox 652 3565 712 3601; x_wconf 79' lang='lat' dir='ltr'>vera</span> <span class='ocrx_word' id='word_1_282' title='bbox 725 3549 755 3612; x_wconf 87' lang='lat' dir='ltr'>B,</span> <span class='ocrx_word' id='word_1_283' title='bbox 773 3549 853 3600; x_wconf 89' lang='lat' dir='ltr'>istaec</span> <span class='ocrx_word' id='word_1_284' title='bbox 864 3563 925 3600; x_wconf 87' lang='lat' dir='ltr'>vera</span> <span class='ocrx_word' id='word_1_285' title='bbox 937 3549 1100 3601; x_wconf 78' lang='lat' dir='ltr'>Schmidtius</span> 
     </span>
     <span class='ocr_line' id='line_1_39' title="bbox 98 3617 1168 3686; baseline -0.003 -13"><span class='ocrx_word' id='word_1_286' title='bbox 98 3622 147 3673; x_wconf 87' lang='grc'>863</span> <span class='ocrx_word' id='word_1_287' title='bbox 166 3634 242 3670; x_wconf 90' lang='lat' dir='ltr'>unam</span> <span class='ocrx_word' id='word_1_288' title='bbox 260 3622 337 3686; x_wconf 87' lang='lat' dir='ltr'>atque</span> <span class='ocrx_word' id='word_1_289' title='bbox 355 3633 431 3669; x_wconf 92' lang='lat' dir='ltr'>unam</span> <span class='ocrx_word' id='word_1_290' title='bbox 449 3618 561 3680; x_wconf 79' lang='lat' dir='ltr'>Nonius,</span> <span class='ocrx_word' id='word_1_291' title='bbox 579 3632 654 3670; x_wconf 87' lang='lat' dir='ltr'>unam</span> <span class='ocrx_word' id='word_1_292' title='bbox 673 3623 750 3684; x_wconf 89' lang='lat' dir='ltr'>atque</span> <span class='ocrx_word' id='word_1_293' title='bbox 767 3632 817 3668; x_wconf 90' lang='lat' dir='ltr'>una</span> <span class='ocrx_word' id='word_1_294' title='bbox 835 3617 869 3680; x_wconf 83' lang='lat' dir='ltr'>t),</span> <span class='ocrx_word' id='word_1_295' title='bbox 886 3631 936 3668; x_wconf 88' lang='lat' dir='ltr'>una</span> <span class='ocrx_word' id='word_1_296' title='bbox 955 3623 1032 3684; x_wconf 85' lang='lat' dir='ltr'>atque</span> <span class='ocrx_word' id='word_1_297' title='bbox 1049 3632 1125 3669; x_wconf 90' lang='lat' dir='ltr'>unam</span> <span class='ocrx_word' id='word_1_298' title='bbox 1142 3618 1168 3670; x_wconf 83' lang='grc' dir='ltr'><em>Ε</em></span> 
     </span>
     <span class='ocr_line' id='line_1_40' title="bbox 97 3685 1167 3754; baseline -0.005 -13"><span class='ocrx_word' id='word_1_299' title='bbox 97 3690 147 3741; x_wconf 86' lang='grc'>864</span> <span class='ocrx_word' id='word_1_300' title='bbox 164 3689 286 3754; x_wconf 77' lang='lat' dir='ltr'>parasito</span> <span class='ocrx_word' id='word_1_301' title='bbox 299 3688 458 3737; x_wconf 79' lang='lat' dir='ltr'>continuant</span> <span class='ocrx_word' id='word_1_302' title='bbox 469 3687 542 3737; x_wconf 77' lang='lat' dir='ltr'>BDE</span> <span class='ocrx_word' id='word_1_303' title='bbox 594 3687 643 3739; x_wconf 92' lang='grc'>866</span> <span class='ocrx_word' id='word_1_304' title='bbox 656 3686 811 3737; x_wconf 77' lang='grc'>5655555516</span> <span class='ocrx_word' id='word_1_305' title='bbox 862 3685 1012 3748; x_wconf 87' lang='lat' dir='ltr'>dinianBD‚</span> <span class='ocrx_word' id='word_1_306' title='bbox 1031 3685 1132 3737; x_wconf 88' lang='lat' dir='ltr'>cliniam</span> <span class='ocrx_word' id='word_1_307' title='bbox 1142 3685 1167 3736; x_wconf 80' lang='lat' dir='ltr'><em>E</em></span> 
     </span>
     <span class='ocr_line' id='line_1_41' title="bbox 97 3753 1080 3820; baseline -0.002 -12"><span class='ocrx_word' id='word_1_308' title='bbox 97 3757 264 3808; x_wconf 89' lang='lat' dir='ltr'>demostenen</span> <span class='ocrx_word' id='word_1_309' title='bbox 282 3755 356 3807; x_wconf 76' lang='lat' dir='ltr'>Bou</span> <span class='ocrx_word' id='word_1_310' title='bbox 459 3757 506 3807; x_wconf 91' lang='grc'>867</span> <span class='ocrx_word' id='word_1_311' title='bbox 526 3755 710 3820; x_wconf 85' lang='lat' dir='ltr'>corruptelaest</span> <span class='ocrx_word' id='word_1_312' title='bbox 728 3753 857 3818; x_wconf 75' lang='lat' dir='ltr'>Scaliger]</span> <span class='ocrx_word' id='word_1_313' title='bbox 877 3755 1036 3820; x_wconf 88' lang='lat' dir='ltr'>corruptelae</span> <span class='ocrx_word' id='word_1_314' title='bbox 1054 3758 1080 3806; x_wconf 88' lang='lat' dir='ltr'>et</span> 
     </span>
     <span class='ocr_line' id='line_1_42' title="bbox 96 3820 1165 3888; baseline -0.005 -12"><span class='ocrx_word' id='word_1_315' title='bbox 96 3827 147 3878; x_wconf 90' lang='grc'>868</span> <span class='ocrx_word' id='word_1_316' title='bbox 165 3823 292 3874; x_wconf 89' lang='lat' dir='ltr'>sublimen</span> <span class='ocrx_word' id='word_1_317' title='bbox 310 3822 469 3873; x_wconf 75' lang='grc' dir='ltr'>166655155ῑί55</span> <span class='ocrx_word' id='word_1_318' title='bbox 485 3824 520 3888; x_wconf 77' lang='grc' dir='ltr'>(ς)</span> <span class='ocrx_word' id='word_1_319' title='bbox 598 3824 646 3875; x_wconf 84' lang='grc'>869</span> <span class='ocrx_word' id='word_1_320' title='bbox 665 3824 733 3887; x_wconf 77' lang='lat' dir='ltr'>[ego]</span> <span class='ocrx_word' id='word_1_321' title='bbox 750 3820 937 3872; x_wconf 74' lang='lat' dir='ltr'>Fleckeisenue</span> <span class='ocrx_word' id='word_1_322' title='bbox 1026 3824 1074 3876; x_wconf 91' lang='grc'>871</span> <span class='ocrx_word' id='word_1_323' title='bbox 1094 3822 1165 3874; x_wconf 86' lang='lat' dir='ltr'>*sum</span> 
     </span>
     <span class='ocr_line' id='line_1_43' title="bbox 96 3888 1166 3957; baseline -0.005 -12"><span class='ocrx_word' id='word_1_324' title='bbox 96 3893 175 3945; x_wconf 86' lang='lat' dir='ltr'>etiam</span> <span class='ocrx_word' id='word_1_325' title='bbox 193 3895 256 3954; x_wconf 85' lang='lat' dir='ltr'>rata]</span> <span class='ocrx_word' id='word_1_326' title='bbox 276 3907 334 3944; x_wconf 92' lang='lat' dir='ltr'>eum</span> <span class='ocrx_word' id='word_1_327' title='bbox 352 3891 428 3942; x_wconf 90' lang='lat' dir='ltr'>etiarn</span> <span class='ocrx_word' id='word_1_328' title='bbox 497 3893 546 3944; x_wconf 87' lang='grc'>873</span> <span class='ocrx_word' id='word_1_329' title='bbox 565 3891 650 3957; x_wconf 91' lang='lat' dir='ltr'>operis</span> <span class='ocrx_word' id='word_1_330' title='bbox 667 3891 691 3941; x_wconf 73' lang='lat' dir='ltr'>tr</span> <span class='ocrx_word' id='word_1_331' title='bbox 708 3890 804 3957; x_wconf 88' lang='lat' dir='ltr'>(operei</span> <span class='ocrx_word' id='word_1_332' title='bbox 818 3888 986 3956; x_wconf 79' lang='lat' dir='ltr'>llitseheb&#39;m)</span> <span class='ocrx_word' id='word_1_333' title='bbox 1055 3889 1166 3954; x_wconf 88' lang='lat' dir='ltr'>[adme]</span> 
     </span>
     <span class='ocr_line' id='line_1_44' title="bbox 95 3958 861 4026; baseline -0.005 -12"><span class='ocrx_word' id='word_1_334' title='bbox 95 3959 283 4014; x_wconf 66' lang='lat' dir='ltr'>ructamus</span> <span class='ocrx_word' id='word_1_335' title='bbox 352 3961 401 4012; x_wconf 89' lang='grc'>875</span> <span class='ocrx_word' id='word_1_336' title='bbox 419 3960 531 4026; x_wconf 89' lang='lat' dir='ltr'>corrupit</span> <span class='ocrx_word' id='word_1_337' title='bbox 548 3959 571 4009; x_wconf 87' lang='lat' dir='ltr'><em>B</em></span> <span class='ocrx_word' id='word_1_338' title='bbox 640 3960 689 4011; x_wconf 94' lang='grc'>876</span> <span class='ocrx_word' id='word_1_339' title='bbox 706 3974 747 4011; x_wconf 88' lang='lat' dir='ltr'>me</span> <span class='ocrx_word' id='word_1_340' title='bbox 765 3974 814 4011; x_wconf 85' lang='lat' dir='ltr'>om.</span> <span class='ocrx_word' id='word_1_341' title='bbox 826 3958 861 4010; x_wconf 90' lang='lat' dir='ltr'>B¹</span> 
     </span>
    </p>
   </div>
   <div class='ocr_carea' id='block_1_5' title="bbox 0 0 1276 4364">
    <p class='ocr_par' dir='ltr' id='par_1_30' title="bbox 0 0 1276 4364">
     <span class='ocr_line' id='line_1_45' title="bbox 0 0 1276 4364; baseline 0 1"><span class='ocrx_word' id='word_1_342' title='bbox 0 0 1276 4364; x_wconf 95' lang='lat' dir='ltr'> </span> 
     </span>
    </p>
   </div>
  </div>
 </body>
</html>
