2544 4364
99 149 161 207 104
574 150 694 203 Pnavxt

95 323 290 403 tibicinasque
304 323 392 385 basce
407 323 485 403 apud
500 323 608 398 forum,
624 322 714 384 edixit
728 323 799 385 ntihi

96 417 129 471 ut
150 408 334 488 dispertirem
358 408 516 469 obsonium
538 407 586 468 bic
608 406 750 470 bifariam.

95 494 186 556 burn.
229 493 276 555 lle
298 493 418 574 quidem
440 493 547 568 hercle,
571 493 664 554 dicam
687 493 761 571 [tibi]
783 494 889 573 palam,
912 515 974 558 non
996 495 1124 580 divides;

96 579 201 658 siquo
224 588 257 641 tu
279 585 372 640 totum
396 597 442 639 me
465 578 581 654 irenis,
605 596 723 658 operam
746 579 831 640 dabo.

96 664 184 725 Coro.
228 664 341 725 Bellum
364 674 393 724 et
414 662 555 744 pudicum
576 681 645 724 vero
668 664 866 743 prostibulum
888 665 979 746 popli.
1123 676 1166 727 285

95 757 162 830 post
183 749 208 811 si
230 748 296 829 quis
318 749 412 824 vellet,
434 757 464 810 te
486 747 564 810 haud
586 748 715 810 revelles
737 748 833 810 dividi.

95 835 183 895 Pxnn.
226 833 322 914 Atque
347 854 401 914 ego
423 834 508 908 istuc,
531 834 672 908 Anthrax,
696 835 892 896 aliovorsum
915 837 1053 912 dixeram,

97 938 157 980 non
180 919 255 980 istoc
279 928 391 997 quotu
414 917 574 980 insimulas.
618 919 668 980 sed
692 938 761 981 erus
783 921 902 1000 nuptias

94 1022 179 1066 meus
200 1004 288 1065 hodie
310 1005 403 1065 faciet.
448 1003 558 1063 Anaxa.
592 1002 705 1074 Quoius
727 1005 808 1066 ducit
828 1004 939 1068 filiam?

94 1090 183 1150 ern.
227 1088 322 1149 Vicini
344 1089 432 1150 buius
454 1087 605 1149 Euclionis
627 1085 721 1172 [binc]
744 1109 760 1151 e
782 1108 937 1169 proxumo.
1124 1102 1167 1153 29)

96 1174 122 1235 ei
146 1173 218 1234 adeo
242 1173 347 1235 obsoni
369 1172 441 1235 binc
462 1172 547 1234 iussit
569 1173 719 1235 dimidium
742 1175 814 1250 dari,

96 1277 202 1321 cocum
224 1259 347 1320 alterum
370 1259 529 1337 itidemque
552 1259 672 1320 alteram
694 1259 854 1321 tibicinam.

94 1344 205 1404 burna.
249 1344 361 1424 Nempe
383 1345 441 1405 huo
464 1343 615 1405 dimidium
630 1343 712 1420 diois,
735 1345 887 1407 dimidium
910 1344 1052 1407 domum?

95 1430 182 1489 Pxnn.
205 1430 317 1508 Nempe
332 1434 409 1491 sicut
423 1429 504 1490 dieis.
534 1428 645 1490 burna.
669 1428 769 1501 Quid?
784 1430 832 1491 hic
851 1450 912 1492 non
929 1439 1044 1511 poterat
1059 1430 1095 1492 de
1111 1449 1165 1492 suo

95 1533 186 1576 senex
209 1513 347 1577 obsonari
368 1514 436 1575 filiai
460 1511 592 1593 nuptiis?
1124 1526 1167 1577 298

94 1599 182 1662 Prnn.
213 1600 283 1661 Vah.
334 1599 444 1660 Annua.
479 1599 558 1744 Quid!
580 1597 728 1678 negotist?
782 1601 870 1661 Pxnn.
905 1600 982 1672 Quid
1005 1600 1106 1678 negoti
1128 1600 1167 1662 sit

449 1702 537 1764 rogas

94 1786 203 1848 pumex
227 1787 288 1829 non
311 1786 404 1847 aeque
427 1778 470 1831 est
492 1768 592 1830 aridus
614 1775 702 1848 atque
724 1769 773 1830 hic
796 1776 840 1831 est
861 1787 961 1832 senex.

93 1853 204 1914 Annua.
240 1853 297 1915 din
312 1850 456 1915 tandem?
499 1854 586 1914 ern.
619 1853 663 1914 lta
680 1873 744 1916 esse
766 1863 799 1915 ut
813 1854 884 1934 dixi,
921 1862 984 1916 tute
1006 1853 1165 1917 existumat

95 1938 166 2017 quin
190 1937 287 2000 divom
309 1948 396 2019 atque
418 1939 573 2001 bominum
596 1939 700 2000 clamat
722 1939 865 2001 continuo
887 1939 983 2015 fidem,

93 2042 176 2085 suam
198 2041 261 2085 rem
284 2024 406 2104 periisse
428 2042 520 2103 seque
541 2023 725 2098 medicarier,
1124 2034 1168 2087 900

94 2109 130 2171 de
152 2128 205 2170 suo
228 2108 322 2187 tigillo
344 2110 443 2170 fumus
465 2109 490 2169 si
513 2128 570 2189 qua
593 2109 652 2170 exit
673 2110 760 2171 loras.

95 2193 167 2273 quin
191 2211 282 2272 quom
303 2194 328 2255 it
348 2194 516 2269 dormitum,
540 2193 639 2255 lollem
662 2194 820 2272 obstringit
843 2193 881 2254 ob
904 2192 1011 2272 gulam.

93 2279 204 2340 durna.
236 2277 316 2341 Gur?
360 2279 448 2340 Pxnn.
477 2279 520 2341 Ne
544 2278 614 2358 quid
636 2279 750 2340 animae
772 2280 849 2340 forte
872 2279 983 2340 amittat
1005 2280 1167 2342 dormiens.

93 2364 204 2425 durna.
234 2364 371 2426 Etiamne
393 2364 511 2426 obturat
533 2364 705 2426 inferiorem
728 2373 888 2444 gutturem,
1001 2386 1004 2393 ·
1088 2426 1090 2429 ,

94 2468 134 2510 ne
156 2449 226 2529 quid
248 2450 362 2511 animae
385 2449 476 2528 [inde]
495 2451 573 2512 forte
595 2447 901 2511 amittat'dormiens‘l
1122 2459 1167 2511 905

180 2618 227 2670 281
249 2617 425 2685 tibicenasque
442 2617 491 2668 BD
560 2617 611 2671 282
629 2615 674 2669 *ul
685 2615 844 2685 dispertirem
855 2615 943 2680 [hosce
955 2619 1032 2685 alque
1043 2619 1107 2679 rem]
1125 2616 1168 2668 bic
1198 2678 1201 2685 ,

94 2684 211 2737 bilariam
282 2687 330 2740 283
349 2686 415 2750 [tibi]
429 2685 572 2750 bangius
623 2687 720 2751 28599.
738 2685 852 2737 seretur·
869 2685 954 2751 codd,
972 2701 1041 2737 9999.
1054 2683 1168 2736 11911ιί99

95 2755 145 2806 286
163 2757 233 2820 post]
250 2752 294 2820 pol
312 2754 427 2805 Briur'us
504 2752 619 2805 nevelles
639 2753 783 2816 Goellerus]
801 2752 952 2820 nouvelles
1029 2751 1081 2816 ted,
1098 2752 1168 2804 band

94 2820 177 2873 nolles
194 2819 355 2872 0919909099
438 2822 487 2874 281
507 2823 572 2883 coci,
591 2823 641 2875 288
660 2821 773 2873 Strobili
790 2824 898 2873 uomina
914 2820 972 2888 BD,
990 2836 1059 2872 corr.
1078 2820 1168 2872 Came-

93 2892 185 2940 rarius
254 2892 303 2942 287
322 2904 370 2954 ego
384 2889 471 2944 om,D
539 2893 629 2940 antrax
697 2890 746 2942 288
758 2889 826 2941 istuc
895 2888 1169 2957 quoBotlu'm1nod

95 2958 144 3010 290
163 2956 240 3020 [binc]
258 2956 373 3023 Pyladu
472 2959 518 3010 291
538 2956 581 3008 hic
601 2956 700 3008 Gallim
717 2956 742 3021 3,
762 2958 801 3020 14,
821 2959 861 3010 15.
942 2957 1017 3009 iussit
1034 2905 1168 3009 dimidium

96 3025 206 3088 Gellius]
224 3024 355 3076 dimidium
373 3024 449 3076 iussit
509 3026 558 3077 293
576 3024 627 3076 huc
646 3024 772 3092 Guyetus]
791 3025 850 3077 huic
906 3024 1016 3078 ducisJ
1063 3024 1168 3077 domum

93 3092 325 3156 Acidaliue1domi
396 3095 445 3145 295
462 3090 524 3144 filiai
538 3092 634 3159 nuptiis
647 3093 779 3158 Scaliger]
794 3092 863 3145 filiae
875 3094 901 3144 in
914 3093 1010 3158 nuptiis
1022 3092 1078 3156 BD,
1096 3091 1168 3146 filiae

94 3161 198 3228 nuptias
216 3162 237 3213 J
301 3162 349 3214 291
365 3162 600 3227 pronuntiandum
618 3159 694 3212 ardus
706 3161 875 3228 (Seyffertus)
944 3163 993 3215 298
1012 3161 1064 3212 dixi
1086 3160 1168 3227 Wag-

93 3233 183 3294 nerue]
202 3229 266 3282 dicis
278 3229 325 3293 BJ,
344 3229 452 3281 dicasD
520 3229 554 3280 ita
573 3243 630 3281 esse
648 3233 677 3281 ut
691 3229 768 3280 dieis!
787 3230 867 3281 ultera·
885 3244 968 3295 coquo
982 3231 1076 3280 tribuit
1088 3228 1170 3296 Seyf-

93 3298 228 3360 ferrucio
244 3298 376 3349 Bureiom'
393 3300 461 3348 actia
477 3298 520 3361 31,
536 3297 571 3350 60
640 3301 695 3349 tute
713 3313 752 3349 ex.
770 3300 849 3363 coqui
865 3298 915 3347 BD
984 3300 1042 3351 299.
1056 3300 1105 3349 300
1124 3314 1169 3349 or·

95 3368 183 3418 dinem
200 3368 341 3417 invertunt
358 3365 442 3429 codd,
461 3381 531 3419 corr.
546 3364 701 3416 Gulielmius
770 3367 819 3418 399
832 3366 929 3431 perisse
1000 3368 1048 3419 301
1061 3365 1169 3416 Nouius

93 3451 120 3501 p.
139 3432 335 3499 ambigebam:
359 3432 528 3498 tuguriolum,
554 3432 710 3485 domicilium
737 3434 815 3485 breve
837 3433 1054 3499 (explicationem
1077 3449 1169 3484 aeram

95 3516 246 3622 gw'ldmgz·
262 3503 371 3619 learrmui
394 3501 678 3621 dlmifflffgdm
694 3500 730 3553 M.
748 3501 795 3587 ⁸¹²:
813 3502 856 3566 39,
874 3499 1006 3582 9239199.
1027 3500 1169 3619 cm?

116 3586 164 3621 Μ
247 3585 304 3621 “²⁶³⁶
325 3588 360 3620 ’ω
505 3583 1035 3706 ⁶”0‘ta3'pttt0‘ttttdttttttt
1048 3589 1170 3688 9999

95 3641 186 3718 nelops
203 3631 281 3721 (a‘ppfus
298 3637 425 3701 ἐποίησεν
443 3635 560 3756 nivedl
617 3708 621 3719 Ι
1001 3705 1006 3717 ⁸
1045 3705 1051 3717 .

95 3720 199 3757 9999999
216 3722 316 3768 deposco
334 3707 427 3774 φέρων
443 3707 508 3771 (reo.
544 3722 558 3755 9
571 3706 640 3770 put.
659 3707 683 3771 1,
700 3703 762 3768 228)
860 3707 909 3757 302
928 3705 1065 3757 obstrinxit
1081 3706 1099 3756 J

97 3775 146 3826 303
165 3787 204 3825 an.
223 3773 240 3826 1.
260 3777 318 3837 arn.]
337 3788 377 3826 an.
395 3774 480 3839 amJ,
498 3788 539 3827 an.
558 3773 657 3824 emittat
673 3771 779 3825 Nonius
848 3775 897 3825 905
916 3773 999 3824 anima
1012 3775 1169 3826 Mucianus

96 3839 198 3902 (animai
222 3841 242 3893 I.
268 3840 394 3906 Vossius).
497 3840 605 3904 *[inde];
630 3842 709 3906 (idem
733 3846 795 3893 aute
818 3857 850 3893 ne
873 3840 1048 3909 Nimneyerua
1071 3842 1169 3895 Pba'lol.

99 3908 285 3965 Woebomcbr.
302 3909 328 3975 2,
346 3909 422 3974 1579)
491 3908 592 3965 emittet
609 3910 649 3959 Da
