2544 4364
369 789 535 852 EVCLIO
581 790 817 852 STAPHYLA
1080 792 1125 855 11

63 944 150 1005 Erec.
187 942 256 1017 Exi,
278 949 408 1022 inquam.
445 962 499 1022 age
520 945 574 1004 exi.
612 945 779 1005 exeundum
800 945 899 1006 hercle
919 944 972 1005 tibi
994 945 1064 1006 bine
1085 949 1129 1006 est

418 1030 506 1102 foras,
1100 1042 1129 1091 46

62 1114 335 1194 circumspectatrix
349 1132 416 1174 eum
431 1115 525 1175 oculis
540 1114 699 1176 emissiciis.

63 1202 167 1261 Suara.
196 1200 268 1260 Nam
285 1217 339 1260 cur
352 1217 400 1260 me
414 1200 552 1262 miseram
566 1198 727 1261 verberas?
770 1199 857 1260 Even.
888 1200 924 1260 Vt
938 1201 1046 1262 misera
1060 1201 1100 1262 sis

63 1295 150 1365 atque
165 1294 199 1346 ut
213 1294 241 1346 te
257 1286 375 1364 diguam
390 1286 464 1346 mala
480 1286 584 1346 malam
600 1293 724 1346 aetatem
740 1285 847 1364 exigas.

63 1371 166 1431 Sraru.
196 1371 270 1432 Nam
285 1389 342 1450 qua
357 1390 405 1431 me
421 1391 502 1432 nunc
518 1390 605 1432 causa
621 1370 769 1431 extrusisti
785 1390 820 1431 ex
835 1369 977 1432 aedibus?

62 1456 149 1517 Erec.
181 1456 246 1517 Tibi
261 1463 316 1535 636
331 1456 477 1518 rationem
492 1456 620 1528 reddam,
637 1456 822 1517 stimulorum
839 1455 943 1534 seges?
1099 1465 1128 1515 45

60 1541 130 1603 illuc
153 1542 310 1620 regredere
332 1541 369 1602 ab
392 1543 477 1603 ostio.
511 1542 580 1603 illuc
603 1542 642 1603 sis
663 1541 737 1616 vide,

61 1637 94 1688 ut
116 1626 234 1688 incedit.
279 1636 308 1688 at
328 1627 391 1689 scin
415 1646 474 1707 quo
497 1627 584 1688 modo
606 1627 659 1688 tibi
681 1646 729 1688 res
751 1646 782 1688 se
804 1625 913 1688 habeti

61 1713 86 1774 si
108 1713 207 1774 hercle
229 1713 316 1774 hodie
338 1714 445 1774 fustem
468 1731 574 1793 cepero
598 1722 648 1773 aut
669 1713 820 1774 stimulum
842 1712 873 1772 in
895 1732 1024 1785 manum,

61 1798 260 1860 testudineum
281 1798 370 1859 istum
392 1798 445 1859 tibi
468 1818 523 1877 ego
545 1798 688 1878 grandibo
711 1799 844 1876 gradum.

62 1884 164 1948 Suara.
208 1884 325 1945 Vtinam
347 1902 395 1944 me
417 1884 473 1945 divi
497 1884 615 1945 adaxint
637 1884 671 1944 ad
693 1884 884 1962 suspendium
1099 1894 1128 1944 56

60 1969 160 2048 potius
182 1969 299 2049 quidem
323 1988 410 2048 quam
432 1971 489 2030 hoc
511 1980 597 2049 pacto
620 1969 697 2048 apud
719 1978 748 2030 te
771 1970 902 2031 serviam.

10 2072 12 2097 ⁵
60 2054 147 2115 Erec.
190 2054 228 2116 At
249 2063 282 2115 ut
304 2054 424 2117 scelesta
447 2056 509 2117 sola
531 2074 632 2117 secum
653 2056 834 2116 murmurati

61 2141 164 2202 oculos
185 2140 285 2201 hercle
308 2159 363 2219 ego
385 2141 466 2214 istos,
489 2141 631 2220 improba,
655 2140 799 2201 ecfodiam
820 2141 885 2217 tibi,

10 2290 12 2301 ,
61 2244 168 2286 neme
191 2226 346 2287 observare
368 2227 463 2305 possis
486 2227 555 2304 quid
577 2244 678 2288 rerum
700 2244 809 2305 geram

60 2311 209 2373 abscedite
230 2311 400 2373 etiamnunc
421 2347 462 2357 -
486 2312 718 2373 etiamnunc-
741 2312 827 2373 etiam
850 2348 890 2359 ·—
914 2315 979 2389 ohe,
1100 2323 1128 2372 55

58 2397 125 2458 istic
147 2396 268 2458 adstato.
313 2397 337 2458 si
359 2397 460 2459 hercle
481 2406 515 2458 tu
537 2416 572 2457 ex
593 2397 667 2458 istoc
689 2397 754 2458 loco
1143 2399 1144 2403 ’

58 2482 182 2562 digitum
203 2491 405 2544 transvorsum
428 2492 478 2543 aut
499 2500 629 2559 unguem
651 2482 742 2542 latum
765 2483 925 2544 excesseris

58 2576 110 2629 aut
131 2568 155 2630 si
177 2569 318 2647 respexis‚
341 2569 479 2629 donicum
503 2586 557 2646 ego
579 2576 609 2628 te
632 2567 754 2641 iussero,

58 2653 203 2714 continuo
225 2653 324 2714 hercle
347 2673 402 2732 ego
424 2662 452 2714 te
475 2652 577 2713 dedam
601 2652 773 2731 discipulam
796 2653 886 2714 cruci.

57 2739 258 2801 scelestiorem
280 2758 327 2800 me
350 2740 405 2800 hac
426 2758 485 2799 anu
508 2747 590 2799 certo
612 2738 673 2800 scio

56 2824 165 2885 vidisse
188 2843 350 2904 numquam
372 2825 519 2903 nimisque
541 2843 595 2903 636
617 2825 695 2885 hanc
717 2832 817 2884 metuo
839 2825 924 2898 male,

56 2929 98 2970 ne
120 2910 160 2970 mi
182 2929 218 2970 ex
239 2910 354 2972 insidiis
374 2911 462 2971 verba
485 2911 658 2989 inprudenti
679 2909 742 2970 duxit

57 3014 118 3056 neu
141 2995 335 3075 persentiscat
358 3014 461 3056 aurum
484 2995 564 3058 ubist
585 2994 803 3080 absconditum:

56 3099 134 3159 quae
156 3081 187 3142 in
211 3081 347 3160 occipitio
370 3100 489 3161 quoque
511 3082 599 3142 habet
620 3081 722 3142 oculos
743 3097 889 3158 pessuma.

56 3185 140 3226 nune
163 3166 212 3227 ibo
235 3176 268 3227 ut
289 3167 378 3228 visam
394 3167 470 3228 sitne
493 3167 531 3227 ita
553 3185 658 3227 aurum
680 3173 713 3224 ut
735 3164 863 3237 condidi,

142 3366 237 3417 [dvenio
246 3382 331 3420 snuux.
349 3383 469 3418 sraruina
479 3383 541 3432 aurs
552 3369 581 3428 B,
591 3370 696 3417 inverso
709 3367 804 3417 ordine
814 3367 845 3432 Ε,
855 3383 904 3417 om.
912 3367 937 3416 D
1009 3369 1039 3419 41
1052 3367 1126 3415 mnir-

53 3436 119 3486 sicii
136 3435 209 3485 oculi
226 3437 393 3487 6666466666
410 3441 474 3487 sunt
568 3437 600 3487 42
618 3440 685 3499 nam]
705 3451 761 3486 nam
780 3451 820 3486 me
839 3435 873 3487 13¹
966 3436 1000 3486 44
1018 3449 1067 3500 qua
1085 3449 1126 3487 me

55 3507 133 3566 nunc]
153 3518 193 3554 me
212 3504 302 3570 quaB
371 3520 401 3556 ex
417 3504 482 3567 aed]
500 3504 540 3555 bis
558 3503 680 3556 exedibus
693 3505 724 3566 E,
743 3503 848 3555 aedibus
860 3505 885 3553 D
953 3506 985 3556 45
1004 3517 1052 3568 ego
1072 3519 1125 3554 *ra-

55 3572 153 3624 tionem
166 3572 196 3632 B,
216 3572 282 3622 euim
291 3588 311 3622 r.
321 3573 354 3634 D,
373 3587 438 3638 egon
451 3589 470 3623 r.
484 3572 636 3637 Wagnemc
687 3573 720 3624 46
737 3571 842 3636 regrede
860 3570 945 3621 BDE¹
996 3573 1029 3624 48
1042 3571 1126 3623 hercle

54 3639 134 3692 hodie
147 3640 353 3705 Kampmannue]
370 3640 445 3693 bodie
458 3641 543 3692 hercle
556 3640 649 3705 DEB²‚
668 3639 744 3691 hodie
756 3639 792 3690 6ι
860 3643 892 3692 49
912 3639 1084 3691 testitudinem
1096 3643 1127 3688 ct

55 3708 110 3759 oid.
129 3708 173 3770 Ba,
193 3707 389 3759 testudinemld
440 3709 562 3775 grandibo
581 3708 694 3772 Nonius]
713 3707 819 3772 gradibo
872 3712 904 3761 56
923 3707 1077 3776 suspendum
1089 3707 1126 3757 Ba

55 3778 89 3830 53
109 3776 193 3828 bercle
206 3780 263 3841 ego]
276 3792 324 3842 ego
337 3776 383 3828 tibi
396 3776 499 3828 Nonius
567 3777 691 3829 ecfodiam
704 3776 818 3840 Nonius]
833 3775 951 3828 effodiam
1021 3778 1052 3828 55
1066 3775 1127 3826 *65-

54 3843 164 3907 scedito]
182 3844 291 3897 abscede
359 3845 435 3896 etiam
454 3860 521 3897 nunc
533 3846 647 3896 alterum
665 3845 750 3897 om.B
820 3848 851 3899 56
869 3845 969 3897 adstato
984 3844 1124 3904 66646666]

54 3915 139 3966 atasto
209 3915 240 3966 58
257 3913 399 3979 respexeris
416 3914 479 3964 D¹E
550 3915 581 3966 66
599 3918 668 3966 certo
686 3914 869 3977 Franckeoue]
894 3917 963 3967 certe
1031 3914 1064 3965 64
1082 3925 1126 3964 oc·

55 3980 125 4047 cipio
142 3980 179 4030 B‘
247 3983 279 4034 65
298 3982 365 4033 sitne
384 3982 505 4048 Pylades]
525 3988 597 4033 estne
