<?xml version="1.0" encoding="UTF-8"?>
<!DOCTYPE html PUBLIC "-//W3C//DTD XHTML 1.0 Transitional//EN"
    "http://www.w3.org/TR/xhtml1/DTD/xhtml1-transitional.dtd">
<html xmlns="http://www.w3.org/1999/xhtml" xml:lang="en" lang="en">
 <head>
  <title>
</title>
<meta http-equiv="Content-Type" content="text/html;charset=utf-8" />
  <meta name='ocr-system' content='tesseract 3.04.00' />
  <meta name='ocr-capabilities' content='ocr_page ocr_carea ocr_par ocr_line ocrx_word'/>
</head>
<body>
  <div class='ocr_page' id='page_1' title='image "./tmacciplauticom01leogoog_0042.png"; bbox 0 0 2544 4364; ppageno 0'>
   <div class='ocr_carea' id='block_1_1' title="bbox 55 189 1134 260">
    <p class='ocr_par' dir='ltr' id='par_1_1' title="bbox 55 189 1134 260">
     <span class='ocr_line' id='line_1_1' title="bbox 55 189 1134 260; baseline -0.013 -9"><span class='ocrx_word' id='word_1_1' title='bbox 55 207 80 251; x_wconf 88' lang='lat'><strong>11</strong></span> <span class='ocrx_word' id='word_1_2' title='bbox 89 209 109 260; x_wconf 81' lang='lat' dir='ltr'><strong>r,</strong></span> <span class='ocrx_word' id='word_1_3' title='bbox 117 207 193 251; x_wconf 80' lang='lat' dir='ltr'><strong>ae-sa</strong></span> <span class='ocrx_word' id='word_1_4' title='bbox 501 189 694 243; x_wconf 76' lang='lat' dir='ltr'><strong>nmrfflruvo</strong></span> <span class='ocrx_word' id='word_1_5' title='bbox 1094 195 1134 256; x_wconf 78' lang='lat'><strong>27</strong></span> 
     </span>
    </p>
   </div>
   <div class='ocr_carea' id='block_1_2' title="bbox 56 361 1136 952">
    <p class='ocr_par' dir='ltr' id='par_1_2' title="bbox 56 361 1136 952">
     <span class='ocr_line' id='line_1_2' title="bbox 57 361 1136 442; baseline 0.002 -15"><span class='ocrx_word' id='word_1_6' title='bbox 57 365 151 426; x_wconf 73' lang='lat' dir='ltr'><strong>Auen.</strong></span> <span class='ocrx_word' id='word_1_7' title='bbox 173 362 250 423; x_wconf 91' lang='lat' dir='ltr'><strong>Huic</strong></span> <span class='ocrx_word' id='word_1_8' title='bbox 261 361 375 422; x_wconf 90' lang='lat' dir='ltr'><strong>homini</strong></span> <span class='ocrx_word' id='word_1_9' title='bbox 387 362 488 423; x_wconf 90' lang='lat' dir='ltr'><strong>nescio</strong></span> <span class='ocrx_word' id='word_1_10' title='bbox 501 363 573 440; x_wconf 90' lang='lat' dir='ltr'><strong>quid</strong></span> <span class='ocrx_word' id='word_1_11' title='bbox 583 372 628 425; x_wconf 93' lang='lat' dir='ltr'><strong>est</strong></span> <span class='ocrx_word' id='word_1_12' title='bbox 638 363 707 424; x_wconf 87' lang='lat' dir='ltr'><strong>mali</strong></span> <span class='ocrx_word' id='word_1_13' title='bbox 718 363 794 425; x_wconf 89' lang='lat' dir='ltr'><strong>mala</strong></span> <span class='ocrx_word' id='word_1_14' title='bbox 807 363 958 426; x_wconf 90' lang='lat' dir='ltr'><strong>obiectum</strong></span> <span class='ocrx_word' id='word_1_15' title='bbox 970 384 1070 442; x_wconf 88' lang='lat' dir='ltr'><strong>manu,</strong></span> <span class='ocrx_word' id='word_1_16' title='bbox 1090 379 1136 429; x_wconf 71' lang='lat' dir='ltr'><strong>toa</strong></span> 
     </span>
     <span class='ocr_line' id='line_1_3' title="bbox 56 446 1136 533; baseline 0.002 -21"><span class='ocrx_word' id='word_1_17' title='bbox 56 459 215 530; x_wconf 80' lang='lat' dir='ltr'><strong>postquam</strong></span> <span class='ocrx_word' id='word_1_18' title='bbox 237 466 253 508; x_wconf 95' lang='lat' dir='ltr'><strong>a</strong></span> <span class='ocrx_word' id='word_1_19' title='bbox 275 465 323 508; x_wconf 91' lang='lat' dir='ltr'><strong>me</strong></span> <span class='ocrx_word' id='word_1_20' title='bbox 342 446 422 507; x_wconf 91' lang='lat' dir='ltr'><strong>abiit.</strong></span> <span class='ocrx_word' id='word_1_21' title='bbox 467 447 531 508; x_wconf 87' lang='lat' dir='ltr'><strong>Sos.</strong></span> <span class='ocrx_word' id='word_1_22' title='bbox 562 447 683 509; x_wconf 81' lang='lat' dir='ltr'><strong>Fateor:</strong></span> <span class='ocrx_word' id='word_1_23' title='bbox 707 467 775 510; x_wconf 91' lang='lat' dir='ltr'><strong>nam</strong></span> <span class='ocrx_word' id='word_1_24' title='bbox 798 468 863 511; x_wconf 90' lang='lat' dir='ltr'><strong>sum</strong></span> <span class='ocrx_word' id='word_1_25' title='bbox 887 450 1012 514; x_wconf 90' lang='lat' dir='ltr'><strong>obtusus</strong></span> <span class='ocrx_word' id='word_1_26' title='bbox 1026 453 1136 533; x_wconf 85' lang='lat' dir='ltr'><strong>pugnis</strong></span> 
     </span>
     <span class='ocr_line' id='line_1_4' title="bbox 56 549 1133 761; baseline 0.005 -82"><span class='ocrx_word' id='word_1_27' title='bbox 56 618 151 685; x_wconf 79' lang='lat' dir='ltr'><strong>Auru.</strong></span> <span class='ocrx_word' id='word_1_28' title='bbox 174 617 247 688; x_wconf 84' lang='lat' dir='ltr'><strong>Quis</strong></span> <span class='ocrx_word' id='word_1_29' title='bbox 262 625 292 677; x_wconf 90' lang='lat' dir='ltr'><strong>te</strong></span> <span class='ocrx_word' id='word_1_30' title='bbox 307 549 512 761; x_wconf 46' lang='lat' dir='ltr'><strong>ucrlfrlbibsbli&#39;tn‘le</strong></span> <span class='ocrx_word' id='word_1_31' title='bbox 538 616 603 678; x_wconf 89' lang='lat' dir='ltr'><strong>Sos.</strong></span> <span class='ocrx_word' id='word_1_32' title='bbox 626 616 752 696; x_wconf 80' lang='lat' dir='ltr'><strong>Egomet</strong></span> <span class='ocrx_word' id='word_1_33' title='bbox 767 627 886 694; x_wconf 89' lang='lat' dir='ltr'><strong>memet,</strong></span> <span class='ocrx_word' id='word_1_34' title='bbox 902 621 953 699; x_wconf 90' lang='lat' dir='ltr'><strong>qui</strong></span> <span class='ocrx_word' id='word_1_35' title='bbox 968 639 1051 683; x_wconf 91' lang='lat' dir='ltr'><strong>nunc</strong></span> <span class='ocrx_word' id='word_1_36' title='bbox 1066 640 1133 684; x_wconf 90' lang='lat' dir='ltr'><strong>sum</strong></span> 
     </span>
     <span class='ocr_line' id='line_1_5' title="bbox 56 719 1098 870; baseline 0.005 -21"><span class='ocrx_word' id='word_1_37' title='bbox 56 788 151 851; x_wconf 79' lang='lat' dir='ltr'><strong>Auru.</strong></span> <span class='ocrx_word' id='word_1_38' title='bbox 182 785 255 849; x_wconf 88' lang='lat' dir='ltr'><strong>Cave</strong></span> <span class='ocrx_word' id='word_1_39' title='bbox 271 719 512 865; x_wconf 46' lang='lat' dir='ltr'><strong>quiequbblj&#39;nisi</strong></span> <span class='ocrx_word' id='word_1_40' title='bbox 527 786 606 864; x_wconf 88' lang='lat' dir='ltr'><strong>quod</strong></span> <span class='ocrx_word' id='word_1_41' title='bbox 621 788 732 867; x_wconf 87' lang='lat' dir='ltr'><strong>rogabo</strong></span> <span class='ocrx_word' id='word_1_42' title='bbox 749 796 788 863; x_wconf 86' lang='lat' dir='ltr'><strong>te,</strong></span> <span class='ocrx_word' id='word_1_43' title='bbox 804 788 877 850; x_wconf 90' lang='lat' dir='ltr'><strong>mihi</strong></span> <span class='ocrx_word' id='word_1_44' title='bbox 891 791 1098 870; x_wconf 89' lang='lat' dir='ltr'><strong>responderis:</strong></span> 
     </span>
     <span class='ocr_line' id='line_1_6' title="bbox 59 870 873 952; baseline 0 -17"><span class='ocrx_word' id='word_1_45' title='bbox 59 874 194 935; x_wconf 92' lang='lat' dir='ltr'><strong>omnium</strong></span> <span class='ocrx_word' id='word_1_46' title='bbox 208 870 338 952; x_wconf 92' lang='lat' dir='ltr'><strong>primum</strong></span> <span class='ocrx_word' id='word_1_47' title='bbox 353 871 408 931; x_wconf 88' lang='lat' dir='ltr'><strong>istc</strong></span> <span class='ocrx_word' id='word_1_48' title='bbox 424 871 475 949; x_wconf 92' lang='lat' dir='ltr'><strong>qui</strong></span> <span class='ocrx_word' id='word_1_49' title='bbox 491 870 529 932; x_wconf 92' lang='lat' dir='ltr'><strong>sit</strong></span> <span class='ocrx_word' id='word_1_50' title='bbox 543 870 635 946; x_wconf 84' lang='lat' dir='ltr'><strong>Sosia,</strong></span> <span class='ocrx_word' id='word_1_51' title='bbox 652 873 710 934; x_wconf 94' lang='lat' dir='ltr'><strong>hoc</strong></span> <span class='ocrx_word' id='word_1_52' title='bbox 725 873 782 934; x_wconf 85' lang='lat' dir='ltr'><strong>dici</strong></span> <span class='ocrx_word' id='word_1_53' title='bbox 796 873 873 935; x_wconf 83' lang='lat' dir='ltr'><strong>volo.</strong></span> 
     </span>
    </p>
   </div>
   <div class='ocr_carea' id='block_1_3' title="bbox 57 955 1135 1119">
    <p class='ocr_par' dir='ltr' id='par_1_3' title="bbox 57 955 1135 1119">
     <span class='ocr_line' id='line_1_7' title="bbox 57 955 1135 1041; baseline 0.003 -21"><span class='ocrx_word' id='word_1_54' title='bbox 57 958 124 1021; x_wconf 89' lang='lat' dir='ltr'><strong>Sos.</strong></span> <span class='ocrx_word' id='word_1_55' title='bbox 153 958 233 1018; x_wconf 85' lang='lat' dir='ltr'><strong>Tuos</strong></span> <span class='ocrx_word' id='word_1_56' title='bbox 249 964 293 1018; x_wconf 86' lang='lat' dir='ltr'><strong>est</strong></span> <span class='ocrx_word' id='word_1_57' title='bbox 307 974 416 1018; x_wconf 86' lang='lat' dir='ltr'><strong>servos.</strong></span> <span class='ocrx_word' id='word_1_58' title='bbox 460 955 553 1016; x_wconf 79' lang='lat' dir='ltr'><strong>Auru.</strong></span> <span class='ocrx_word' id='word_1_59' title='bbox 583 956 653 1018; x_wconf 86' lang='lat' dir='ltr'>Mihi</span> <span class='ocrx_word' id='word_1_60' title='bbox 669 957 790 1036; x_wconf 87' lang='lat' dir='ltr'><strong>quidem</strong></span> <span class='ocrx_word' id='word_1_61' title='bbox 812 974 874 1020; x_wconf 91' lang='lat' dir='ltr'><strong>uno</strong></span> <span class='ocrx_word' id='word_1_62' title='bbox 889 967 917 1021; x_wconf 90' lang='lat' dir='ltr'><strong>te</strong></span> <span class='ocrx_word' id='word_1_63' title='bbox 933 960 1000 1041; x_wconf 91' lang='lat' dir='ltr'><strong>plus</strong></span> <span class='ocrx_word' id='word_1_64' title='bbox 1019 960 1135 1023; x_wconf 76' lang='lat' dir='ltr'><strong>etiamst</strong></span> 
     </span>
     <span class='ocr_line' id='line_1_8' title="bbox 364 1041 1132 1119; baseline 0.01 -19"><span class='ocrx_word' id='word_1_65' title='bbox 364 1041 542 1119; x_wconf 85' lang='lat' dir='ltr'><strong>quamvolo‚</strong></span> <span class='ocrx_word' id='word_1_66' title='bbox 1088 1055 1132 1108; x_wconf 79' lang='lat'><strong>610</strong></span> 
     </span>
    </p>
   </div>
   <div class='ocr_carea' id='block_1_4' title="bbox 55 1126 1134 2478">
    <p class='ocr_par' dir='ltr' id='par_1_4' title="bbox 55 1126 1134 2478">
     <span class='ocr_line' id='line_1_9' title="bbox 57 1126 1005 1206; baseline 0.002 -17"><span class='ocrx_word' id='word_1_67' title='bbox 57 1144 157 1206; x_wconf 91' lang='lat' dir='ltr'><strong>neque</strong></span> <span class='ocrx_word' id='word_1_68' title='bbox 171 1134 328 1206; x_wconf 84' lang='lat' dir='ltr'><strong>postquam</strong></span> <span class='ocrx_word' id='word_1_69' title='bbox 344 1143 409 1186; x_wconf 90' lang='lat' dir='ltr'><strong>sum</strong></span> <span class='ocrx_word' id='word_1_70' title='bbox 424 1133 512 1187; x_wconf 91' lang='lat' dir='ltr'><strong>natus</strong></span> <span class='ocrx_word' id='word_1_71' title='bbox 526 1126 616 1187; x_wconf 91' lang='lat' dir='ltr'><strong>habui</strong></span> <span class='ocrx_word' id='word_1_72' title='bbox 632 1126 688 1188; x_wconf 92' lang='lat' dir='ltr'><strong>nisi</strong></span> <span class='ocrx_word' id='word_1_73' title='bbox 704 1134 733 1187; x_wconf 92' lang='lat' dir='ltr'><strong>te</strong></span> <span class='ocrx_word' id='word_1_74' title='bbox 749 1146 864 1190; x_wconf 86' lang='lat' dir='ltr'><strong>servom</strong></span> <span class='ocrx_word' id='word_1_75' title='bbox 881 1128 1005 1191; x_wconf 88' lang='lat' dir='ltr'><strong>Sosiam.</strong></span> 
     </span>
     <span class='ocr_line' id='line_1_10' title="bbox 58 1210 1034 1290; baseline 0.003 -17"><span class='ocrx_word' id='word_1_76' title='bbox 58 1211 134 1274; x_wconf 65' lang='lat' dir='ltr'><strong>Sos:</strong></span> <span class='ocrx_word' id='word_1_77' title='bbox 154 1212 191 1272; x_wconf 83' lang='lat' dir='ltr'><strong>At</strong></span> <span class='ocrx_word' id='word_1_78' title='bbox 207 1228 262 1290; x_wconf 88' lang='lat' dir='ltr'><strong>ego</strong></span> <span class='ocrx_word' id='word_1_79' title='bbox 278 1228 369 1284; x_wconf 79' lang='lat' dir='ltr'><strong>nunc,</strong></span> <span class='ocrx_word' id='word_1_80' title='bbox 385 1210 572 1290; x_wconf 77' lang='lat' dir='ltr'><strong>Amphitruo,</strong></span> <span class='ocrx_word' id='word_1_81' title='bbox 588 1211 673 1272; x_wconf 89' lang='lat' dir='ltr'><strong>dico:</strong></span> <span class='ocrx_word' id='word_1_82' title='bbox 689 1211 803 1274; x_wconf 90' lang='lat' dir='ltr'><strong>Sosiam</strong></span> <span class='ocrx_word' id='word_1_83' title='bbox 819 1232 934 1275; x_wconf 83' lang='lat' dir='ltr'><strong>servom</strong></span> <span class='ocrx_word' id='word_1_84' title='bbox 949 1224 1034 1276; x_wconf 92' lang='lat' dir='ltr'><strong>tuom</strong></span> 
     </span>
     <span class='ocr_line' id='line_1_11' title="bbox 57 1295 1133 1377; baseline 0.005 -20"><span class='ocrx_word' id='word_1_85' title='bbox 57 1305 177 1377; x_wconf 90' lang='lat' dir='ltr'><strong>praeter</strong></span> <span class='ocrx_word' id='word_1_86' title='bbox 191 1315 239 1356; x_wconf 86' lang='lat' dir='ltr'><strong>me</strong></span> <span class='ocrx_word' id='word_1_87' title='bbox 254 1295 388 1370; x_wconf 83' lang='lat' dir='ltr'><strong>alterum,</strong></span> <span class='ocrx_word' id='word_1_88' title='bbox 405 1295 537 1373; x_wconf 91' lang='lat' dir='ltr'><strong>inquam,</strong></span> <span class='ocrx_word' id='word_1_89' title='bbox 553 1296 713 1358; x_wconf 86' lang='lat' dir='ltr'><strong>adveniens</strong></span> <span class='ocrx_word' id='word_1_90' title='bbox 728 1297 832 1359; x_wconf 79' lang='lat' dir='ltr'><strong>faciam</strong></span> <span class='ocrx_word' id='word_1_91' title='bbox 848 1307 881 1359; x_wconf 92' lang='lat' dir='ltr'><strong>ut</strong></span> <span class='ocrx_word' id='word_1_92' title='bbox 896 1299 1029 1361; x_wconf 82' lang='lat' dir='ltr'><strong>offendas</strong></span> <span class='ocrx_word' id='word_1_93' title='bbox 1044 1300 1133 1375; x_wconf 87' lang='lat' dir='ltr'><strong>domi,</strong></span> 
     </span>
     <span class='ocr_line' id='line_1_12' title="bbox 58 1379 1107 1462; baseline 0.003 -19"><span class='ocrx_word' id='word_1_94' title='bbox 58 1382 138 1459; x_wconf 88' lang='lat' dir='ltr'><strong>Davo</strong></span> <span class='ocrx_word' id='word_1_95' title='bbox 152 1389 333 1462; x_wconf 84' lang='lat' dir='ltr'><strong>prognatum</strong></span> <span class='ocrx_word' id='word_1_96' title='bbox 348 1388 432 1459; x_wconf 90' lang='lat' dir='ltr'><strong>patre</strong></span> <span class='ocrx_word' id='word_1_97' title='bbox 448 1379 553 1441; x_wconf 90' lang='lat' dir='ltr'><strong>eodem</strong></span> <span class='ocrx_word' id='word_1_98' title='bbox 569 1399 628 1459; x_wconf 92' lang='lat' dir='ltr'><strong>quo</strong></span> <span class='ocrx_word' id='word_1_99' title='bbox 644 1399 699 1460; x_wconf 91' lang='lat' dir='ltr'><strong>ego</strong></span> <span class='ocrx_word' id='word_1_100' title='bbox 714 1401 789 1457; x_wconf 89' lang='lat' dir='ltr'><strong>sum,</strong></span> <span class='ocrx_word' id='word_1_101' title='bbox 805 1385 910 1458; x_wconf 80' lang='lat' dir='ltr'><strong>torma,</strong></span> <span class='ocrx_word' id='word_1_102' title='bbox 926 1392 1020 1446; x_wconf 87' lang='lat' dir='ltr'><strong>aetate</strong></span> <span class='ocrx_word' id='word_1_103' title='bbox 1034 1386 1107 1447; x_wconf 92' lang='lat' dir='ltr'><strong>item</strong></span> 
     </span>
     <span class='ocr_line' id='line_1_13' title="bbox 58 1463 1134 1609; baseline 0.004 -81"><span class='ocrx_word' id='word_1_104' title='bbox 58 1484 116 1546; x_wconf 87' lang='lat' dir='ltr'><strong>qua</strong></span> <span class='ocrx_word' id='word_1_105' title='bbox 138 1469 193 1546; x_wconf 76' lang='lat' dir='ltr'><strong>ego</strong></span> <span class='ocrx_word' id='word_1_106' title='bbox 215 1483 291 1527; x_wconf 90' lang='lat' dir='ltr'><strong>sum.</strong></span> <span class='ocrx_word' id='word_1_107' title='bbox 335 1464 415 1609; x_wconf 51' lang='lat' dir='ltr'><strong>qui}</strong></span> <span class='ocrx_word' id='word_1_108' title='bbox 429 1472 518 1545; x_wconf 87' lang='lat' dir='ltr'><strong>opust</strong></span> <span class='ocrx_word' id='word_1_109' title='bbox 539 1463 658 1527; x_wconf 84' lang='lat' dir='ltr'><strong>verbis?</strong></span> <span class='ocrx_word' id='word_1_110' title='bbox 687 1467 824 1545; x_wconf 87' lang='lat' dir='ltr'><strong>geminus</strong></span> <span class='ocrx_word' id='word_1_111' title='bbox 847 1467 930 1530; x_wconf 88' lang='lat' dir='ltr'><strong>Sosia</strong></span> <span class='ocrx_word' id='word_1_112' title='bbox 955 1469 1004 1530; x_wconf 91' lang='lat' dir='ltr'><strong>hic</strong></span> <span class='ocrx_word' id='word_1_113' title='bbox 1026 1470 1134 1532; x_wconf 82' lang='lat' dir='ltr'><strong>factust</strong></span> 
     </span>
     <span class='ocr_line' id='line_1_14' title="bbox 56 1557 1133 1708; baseline 0.002 -11"><span class='ocrx_word' id='word_1_114' title='bbox 56 1637 149 1697; x_wconf 74' lang='lat' dir='ltr'><strong>Aaron.</strong></span> <span class='ocrx_word' id='word_1_115' title='bbox 178 1634 273 1695; x_wconf 88' lang='lat' dir='ltr'><strong>Nimia</strong></span> <span class='ocrx_word' id='word_1_116' title='bbox 287 1557 435 1708; x_wconf 60' lang='lat' dir='ltr'><strong>memberis</strong></span> <span class='ocrx_word' id='word_1_117' title='bbox 449 1634 533 1694; x_wconf 89' lang='lat' dir='ltr'><strong>mira.</strong></span> <span class='ocrx_word' id='word_1_118' title='bbox 564 1634 614 1695; x_wconf 89' lang='lat' dir='ltr'><strong>sed</strong></span> <span class='ocrx_word' id='word_1_119' title='bbox 630 1635 745 1697; x_wconf 86' lang='lat' dir='ltr'><strong>vidistin</strong></span> <span class='ocrx_word' id='word_1_120' title='bbox 762 1655 887 1698; x_wconf 82' lang='lat' dir='ltr'><strong>uxorem</strong></span> <span class='ocrx_word' id='word_1_121' title='bbox 902 1636 1019 1699; x_wconf 87' lang='lat' dir='ltr'><strong>meam‘l</strong></span> <span class='ocrx_word' id='word_1_122' title='bbox 1088 1564 1133 1615; x_wconf 60' lang='lat'><strong>61⁵</strong></span> 
     </span>
     <span class='ocr_line' id='line_1_15' title="bbox 56 1719 1134 1800; baseline 0.004 -18"><span class='ocrx_word' id='word_1_123' title='bbox 56 1721 122 1783; x_wconf 89' lang='lat' dir='ltr'><strong>Sos.</strong></span> <span class='ocrx_word' id='word_1_124' title='bbox 152 1719 232 1792; x_wconf 82' lang='lat' dir='ltr'><strong>Quin</strong></span> <span class='ocrx_word' id='word_1_125' title='bbox 252 1720 331 1781; x_wconf 92' lang='lat' dir='ltr'><strong>intro</strong></span> <span class='ocrx_word' id='word_1_126' title='bbox 347 1720 392 1780; x_wconf 89' lang='lat' dir='ltr'><strong>ire</strong></span> <span class='ocrx_word' id='word_1_127' title='bbox 407 1719 438 1780; x_wconf 90' lang='lat' dir='ltr'><strong>in</strong></span> <span class='ocrx_word' id='word_1_128' title='bbox 460 1720 541 1781; x_wconf 82' lang='lat' dir='ltr'><strong>aedis</strong></span> <span class='ocrx_word' id='word_1_129' title='bbox 563 1737 725 1800; x_wconf 88' lang='lat' dir='ltr'><strong>numquam</strong></span> <span class='ocrx_word' id='word_1_130' title='bbox 740 1720 890 1784; x_wconf 85' lang='lat' dir='ltr'><strong>licitumst.</strong></span> <span class='ocrx_word' id='word_1_131' title='bbox 934 1722 1028 1784; x_wconf 79' lang='lat' dir='ltr'><strong>Aura.</strong></span> <span class='ocrx_word' id='word_1_132' title='bbox 1059 1723 1134 1795; x_wconf 84' lang='lat' dir='ltr'><strong>Quis</strong></span> 
     </span>
     <span class='ocr_line' id='line_1_16' title="bbox 183 1801 585 1884; baseline -0.005 -19"><span class='ocrx_word' id='word_1_133' title='bbox 183 1818 187 1825; x_wconf 85' lang='grc'><strong>’</strong></span> <span class='ocrx_word' id='word_1_134' title='bbox 362 1812 392 1864; x_wconf 92' lang='lat' dir='ltr'><strong>te</strong></span> <span class='ocrx_word' id='word_1_135' title='bbox 408 1801 585 1884; x_wconf 83' lang='lat' dir='ltr'><strong>prohibuit?</strong></span> 
     </span>
     <span class='ocr_line' id='line_1_17' title="bbox 56 1888 1037 1968; baseline 0.001 -17"><span class='ocrx_word' id='word_1_136' title='bbox 56 1889 123 1952; x_wconf 87' lang='lat' dir='ltr'><strong>Sos.</strong></span> <span class='ocrx_word' id='word_1_137' title='bbox 153 1889 236 1967; x_wconf 84' lang='lat' dir='ltr'><strong>Sosia</strong></span> <span class='ocrx_word' id='word_1_138' title='bbox 250 1889 309 1963; x_wconf 86' lang='lat' dir='ltr'><strong>ille,</strong></span> <span class='ocrx_word' id='word_1_139' title='bbox 326 1906 415 1967; x_wconf 91' lang='lat' dir='ltr'><strong>quem</strong></span> <span class='ocrx_word' id='word_1_140' title='bbox 431 1889 487 1948; x_wconf 91' lang='lat' dir='ltr'><strong>iam</strong></span> <span class='ocrx_word' id='word_1_141' title='bbox 505 1888 615 1949; x_wconf 88' lang='lat' dir='ltr'><strong>dudum</strong></span> <span class='ocrx_word' id='word_1_142' title='bbox 631 1890 708 1963; x_wconf 84' lang='lat' dir='ltr'><strong>dico,</strong></span> <span class='ocrx_word' id='word_1_143' title='bbox 724 1889 748 1952; x_wconf 91' lang='lat' dir='ltr'><strong>is</strong></span> <span class='ocrx_word' id='word_1_144' title='bbox 765 1890 815 1968; x_wconf 91' lang='lat' dir='ltr'><strong>qui</strong></span> <span class='ocrx_word' id='word_1_145' title='bbox 831 1909 877 1952; x_wconf 90' lang='lat' dir='ltr'><strong>me</strong></span> <span class='ocrx_word' id='word_1_146' title='bbox 893 1892 1037 1953; x_wconf 88' lang='lat' dir='ltr'><strong>contudit.</strong></span> 
     </span>
     <span class='ocr_line' id='line_1_18' title="bbox 56 1971 1134 2120; baseline 0.002 -85"><span class='ocrx_word' id='word_1_147' title='bbox 56 1975 149 2036; x_wconf 76' lang='lat' dir='ltr'><strong>Auen.</strong></span> <span class='ocrx_word' id='word_1_148' title='bbox 179 1973 252 2045; x_wconf 84' lang='lat' dir='ltr'><strong>Quis</strong></span> <span class='ocrx_word' id='word_1_149' title='bbox 266 1974 332 2036; x_wconf 91' lang='lat' dir='ltr'><strong>istic</strong></span> <span class='ocrx_word' id='word_1_150' title='bbox 348 1971 590 2120; x_wconf 48' lang='lat' dir='ltr'><strong>Sismsbbihiboe&#39;</strong></span> <span class='ocrx_word' id='word_1_151' title='bbox 620 1973 694 2054; x_wconf 86' lang='lat' dir='ltr'><strong>Ego,</strong></span> <span class='ocrx_word' id='word_1_152' title='bbox 711 1975 842 2055; x_wconf 90' lang='lat' dir='ltr'><strong>inquam.</strong></span> <span class='ocrx_word' id='word_1_153' title='bbox 876 1977 1014 2056; x_wconf 90' lang='lat' dir='ltr'><strong>quotiens</strong></span> <span class='ocrx_word' id='word_1_154' title='bbox 1029 1976 1134 2039; x_wconf 90' lang='lat' dir='ltr'><strong>dicen·</strong></span> 
     </span>
     <span class='ocr_line' id='line_1_19' title="bbox 56 2077 1132 2226; baseline 0.003 -22"><span class='ocrx_word' id='word_1_155' title='bbox 56 2144 149 2205; x_wconf 62' lang='lat' dir='ltr'><strong>rnna.</strong></span> <span class='ocrx_word' id='word_1_156' title='bbox 172 2144 230 2205; x_wconf 78' lang='lat' dir='ltr'><strong>seo</strong></span> <span class='ocrx_word' id='word_1_157' title='bbox 245 2144 317 2224; x_wconf 81' lang='lat' dir='ltr'><strong>qun</strong></span> <span class='ocrx_word' id='word_1_158' title='bbox 332 2077 483 2205; x_wconf 60' lang='lat' dir='ltr'><strong>affin</strong></span> <span class='ocrx_word' id='word_1_159' title='bbox 499 2105 849 2207; x_wconf 74' lang='lat' dir='ltr'><strong>onoormtvrseououmt</strong></span> <span class='ocrx_word' id='word_1_160' title='bbox 893 2144 958 2208; x_wconf 82' lang='lat' dir='ltr'><strong>sos.</strong></span> <span class='ocrx_word' id='word_1_161' title='bbox 981 2147 1132 2226; x_wconf 81' lang='lat' dir='ltr'><strong>Nusquam</strong></span> 
     </span>
     <span class='ocr_line' id='line_1_20' title="bbox 55 2236 1132 2393; baseline 0.005 -20"><span class='ocrx_word' id='word_1_162' title='bbox 55 2312 149 2374; x_wconf 79' lang='lat' dir='ltr'><strong>Auen.</strong></span> <span class='ocrx_word' id='word_1_163' title='bbox 172 2310 217 2374; x_wconf 94' lang='lat' dir='ltr'><strong>lbi</strong></span> <span class='ocrx_word' id='word_1_164' title='bbox 230 2314 308 2375; x_wconf 89' lang='lat' dir='ltr'><strong>forte</strong></span> <span class='ocrx_word' id='word_1_165' title='bbox 322 2236 463 2375; x_wconf 55' lang='lat' dir='ltr'><strong>istbbitsli</strong></span> <span class='ocrx_word' id='word_1_166' title='bbox 465 2246 587 2375; x_wconf 51' lang='lat' dir='ltr'><strong>1bibisses</strong></span> <span class='ocrx_word' id='word_1_167' title='bbox 603 2314 751 2393; x_wconf 91' lang='lat' dir='ltr'><strong>quendam</strong></span> <span class='ocrx_word' id='word_1_168' title='bbox 767 2315 797 2376; x_wconf 93' lang='lat' dir='ltr'><strong>in</strong></span> <span class='ocrx_word' id='word_1_169' title='bbox 814 2315 927 2377; x_wconf 91' lang='lat' dir='ltr'><strong>somnis</strong></span> <span class='ocrx_word' id='word_1_170' title='bbox 943 2315 1067 2379; x_wconf 88' lang='lat' dir='ltr'><strong>Sosiam.</strong></span> <span class='ocrx_word' id='word_1_171' title='bbox 1087 2241 1132 2293; x_wconf 59' lang='lat' dir='ltr'><strong>m</strong></span> 
     </span>
     <span class='ocr_line' id='line_1_21' title="bbox 57 2398 962 2478; baseline 0.001 -19"><span class='ocrx_word' id='word_1_172' title='bbox 57 2398 122 2461; x_wconf 91' lang='lat' dir='ltr'><strong>Sos.</strong></span> <span class='ocrx_word' id='word_1_173' title='bbox 151 2398 218 2459; x_wconf 90' lang='lat' dir='ltr'><strong>Non</strong></span> <span class='ocrx_word' id='word_1_174' title='bbox 233 2398 315 2461; x_wconf 92' lang='lat' dir='ltr'><strong>soleo</strong></span> <span class='ocrx_word' id='word_1_175' title='bbox 331 2416 386 2477; x_wconf 87' lang='lat' dir='ltr'><strong>ego</strong></span> <span class='ocrx_word' id='word_1_176' title='bbox 402 2398 602 2460; x_wconf 83' lang='lat' dir='ltr'><strong>somniculose</strong></span> <span class='ocrx_word' id='word_1_177' title='bbox 616 2400 659 2460; x_wconf 91' lang='lat' dir='ltr'><strong>cri</strong></span> <span class='ocrx_word' id='word_1_178' title='bbox 675 2400 798 2478; x_wconf 89' lang='lat' dir='ltr'><strong>imperia</strong></span> <span class='ocrx_word' id='word_1_179' title='bbox 814 2401 962 2478; x_wconf 81' lang='lat' dir='ltr'><strong>persequi.</strong></span> 
     </span>
    </p>
   </div>
   <div class='ocr_carea' id='block_1_5' title="bbox 56 2480 1132 2968">
    <p class='ocr_par' dir='ltr' id='par_1_5' title="bbox 59 2480 916 2567">
     <span class='ocr_line' id='line_1_22' title="bbox 59 2480 916 2567; baseline 0.001 -25"><span class='ocrx_word' id='word_1_180' title='bbox 59 2482 184 2562; x_wconf 86' lang='lat' dir='ltr'><strong>vigilans</strong></span> <span class='ocrx_word' id='word_1_181' title='bbox 197 2482 264 2557; x_wconf 85' lang='lat' dir='ltr'><strong>vidi,</strong></span> <span class='ocrx_word' id='word_1_182' title='bbox 280 2483 403 2564; x_wconf 85' lang='lat' dir='ltr'><strong>vigilans</strong></span> <span class='ocrx_word' id='word_1_183' title='bbox 417 2483 511 2558; x_wconf 84' lang='lat' dir='ltr'><strong>video,</strong></span> <span class='ocrx_word' id='word_1_184' title='bbox 528 2483 651 2562; x_wconf 91' lang='lat' dir='ltr'><strong>vigilans</strong></span> <span class='ocrx_word' id='word_1_185' title='bbox 666 2480 766 2567; x_wconf 89' lang='lat' dir='ltr'><strong>[iacta]</strong></span> <span class='ocrx_word' id='word_1_186' title='bbox 784 2484 916 2545; x_wconf 80' lang='lat' dir='ltr'><strong>fabulor:</strong></span> 
     </span>
    </p>

    <p class='ocr_par' dir='ltr' id='par_1_6' title="bbox 56 2567 975 2648">
     <span class='ocr_line' id='line_1_23' title="bbox 56 2567 975 2648; baseline 0 -20"><span class='ocrx_word' id='word_1_187' title='bbox 56 2567 226 2647; x_wconf 78' lang='lat' dir='ltr'><strong>vigilantem</strong></span> <span class='ocrx_word' id='word_1_188' title='bbox 242 2568 291 2630; x_wconf 93' lang='lat' dir='ltr'><strong>ille</strong></span> <span class='ocrx_word' id='word_1_189' title='bbox 305 2587 353 2640; x_wconf 86' lang='lat' dir='ltr'><strong>me</strong></span> <span class='ocrx_word' id='word_1_190' title='bbox 369 2569 426 2630; x_wconf 91' lang='lat' dir='ltr'><strong>iam</strong></span> <span class='ocrx_word' id='word_1_191' title='bbox 441 2567 553 2628; x_wconf 89' lang='lat' dir='ltr'><strong>dudum</strong></span> <span class='ocrx_word' id='word_1_192' title='bbox 568 2568 692 2646; x_wconf 89' lang='lat' dir='ltr'><strong>vigilans</strong></span> <span class='ocrx_word' id='word_1_193' title='bbox 706 2568 815 2648; x_wconf 84' lang='lat' dir='ltr'><strong>pugnis</strong></span> <span class='ocrx_word' id='word_1_194' title='bbox 831 2568 975 2630; x_wconf 87' lang='lat' dir='ltr'><strong>contudit.</strong></span> 
     </span>
    </p>

    <p class='ocr_par' dir='ltr' id='par_1_7' title="bbox 56 2651 1132 2816">
     <span class='ocr_line' id='line_1_24' title="bbox 56 2651 1131 2733; baseline 0 -19"><span class='ocrx_word' id='word_1_195' title='bbox 56 2654 149 2714; x_wconf 75' lang='lat' dir='ltr'><strong>Arrun.</strong></span> <span class='ocrx_word' id='word_1_196' title='bbox 171 2653 243 2724; x_wconf 83' lang='lat' dir='ltr'><strong>Quis</strong></span> <span class='ocrx_word' id='word_1_197' title='bbox 253 2651 366 2714; x_wconf 79' lang='lat' dir='ltr'><strong>homo?</strong></span> <span class='ocrx_word' id='word_1_198' title='bbox 410 2652 475 2713; x_wconf 89' lang='lat' dir='ltr'><strong>Sos.</strong></span> <span class='ocrx_word' id='word_1_199' title='bbox 499 2651 592 2726; x_wconf 86' lang='lat' dir='ltr'><strong>Sosia,</strong></span> <span class='ocrx_word' id='word_1_200' title='bbox 604 2653 735 2732; x_wconf 91' lang='lat' dir='ltr'><strong>inquam,</strong></span> <span class='ocrx_word' id='word_1_201' title='bbox 748 2671 803 2732; x_wconf 87' lang='lat' dir='ltr'><strong>ego</strong></span> <span class='ocrx_word' id='word_1_202' title='bbox 816 2653 873 2714; x_wconf 92' lang='lat' dir='ltr'><strong>ille.</strong></span> <span class='ocrx_word' id='word_1_203' title='bbox 896 2672 1015 2733; x_wconf 89' lang='lat' dir='ltr'><strong>quaeso,</strong></span> <span class='ocrx_word' id='word_1_204' title='bbox 1028 2672 1131 2714; x_wconf 89' lang='lat' dir='ltr'><strong>nonne</strong></span> 
     </span>
     <span class='ocr_line' id='line_1_25' title="bbox 361 2735 1132 2816; baseline 0.001 -18"><span class='ocrx_word' id='word_1_205' title='bbox 361 2735 533 2816; x_wconf 78' lang='lat' dir='ltr'><strong>intellegis?</strong></span> <span class='ocrx_word' id='word_1_206' title='bbox 1087 2747 1132 2800; x_wconf 78' lang='grc'><strong>626</strong></span> 
     </span>
    </p>

    <p class='ocr_par' dir='ltr' id='par_1_8' title="bbox 56 2820 1132 2968">
     <span class='ocr_line' id='line_1_26' title="bbox 56 2820 1132 2902; baseline 0.003 -21"><span class='ocrx_word' id='word_1_207' title='bbox 56 2821 151 2882; x_wconf 78' lang='lat' dir='ltr'><strong>Auru.</strong></span> <span class='ocrx_word' id='word_1_208' title='bbox 182 2822 253 2898; x_wconf 83' lang='lat' dir='ltr'><strong>Qui,</strong></span> <span class='ocrx_word' id='word_1_209' title='bbox 274 2822 401 2896; x_wconf 83' lang='lat' dir='ltr'><strong>malum,</strong></span> <span class='ocrx_word' id='word_1_210' title='bbox 424 2821 597 2901; x_wconf 85' lang='lat' dir='ltr'><strong>intellegere</strong></span> <span class='ocrx_word' id='word_1_211' title='bbox 617 2822 771 2902; x_wconf 90' lang='lat' dir='ltr'><strong>quisquam</strong></span> <span class='ocrx_word' id='word_1_212' title='bbox 793 2823 872 2902; x_wconf 91' lang='lat' dir='ltr'><strong>potis</strong></span> <span class='ocrx_word' id='word_1_213' title='bbox 890 2820 956 2885; x_wconf 84' lang='lat' dir='ltr'><strong>est‘l</strong></span> <span class='ocrx_word' id='word_1_214' title='bbox 975 2823 1016 2884; x_wconf 92' lang='lat' dir='ltr'><strong>ita</strong></span> <span class='ocrx_word' id='word_1_215' title='bbox 1038 2840 1132 2901; x_wconf 88' lang='lat' dir='ltr'><strong>nugas</strong></span> 
     </span>
     <span class='ocr_line' id='line_1_27' title="bbox 362 2907 458 2968; baseline 0.01 -1"><span class='ocrx_word' id='word_1_216' title='bbox 362 2907 458 2968; x_wconf 90' lang='lat' dir='ltr'><strong>blatis.</strong></span> 
     </span>
    </p>
   </div>
   <div class='ocr_carea' id='block_1_6' title="bbox 56 2989 1133 3411">
    <p class='ocr_par' dir='ltr' id='par_1_9' title="bbox 56 2989 1133 3242">
     <span class='ocr_line' id='line_1_28' title="bbox 57 2989 1132 3070; baseline 0.002 -18"><span class='ocrx_word' id='word_1_217' title='bbox 57 2989 122 3053; x_wconf 90' lang='lat' dir='ltr'><strong>Sos.</strong></span> <span class='ocrx_word' id='word_1_218' title='bbox 154 2991 261 3053; x_wconf 90' lang='lat' dir='ltr'><strong>Verum</strong></span> <span class='ocrx_word' id='word_1_219' title='bbox 276 3000 408 3053; x_wconf 91' lang='lat' dir='ltr'><strong>actutum</strong></span> <span class='ocrx_word' id='word_1_220' title='bbox 423 3010 538 3067; x_wconf 83' lang='lat' dir='ltr'><strong>nosces,</strong></span> <span class='ocrx_word' id='word_1_221' title='bbox 555 3009 645 3070; x_wconf 93' lang='lat' dir='ltr'><strong>quom</strong></span> <span class='ocrx_word' id='word_1_222' title='bbox 661 2991 743 3053; x_wconf 92' lang='lat' dir='ltr'><strong>illum</strong></span> <span class='ocrx_word' id='word_1_223' title='bbox 760 3011 867 3055; x_wconf 83' lang='lat' dir='ltr'><strong>nosces</strong></span> <span class='ocrx_word' id='word_1_224' title='bbox 880 3011 994 3054; x_wconf 83' lang='lat' dir='ltr'><strong>servom</strong></span> <span class='ocrx_word' id='word_1_225' title='bbox 1008 2992 1132 3054; x_wconf 88' lang='lat' dir='ltr'><strong>Sosiam.</strong></span> 
     </span>
     <span class='ocr_line' id='line_1_29' title="bbox 56 3075 1133 3161; baseline 0.001 -25"><span class='ocrx_word' id='word_1_226' title='bbox 56 3075 150 3138; x_wconf 76' lang='lat' dir='ltr'><strong>Auen.</strong></span> <span class='ocrx_word' id='word_1_227' title='bbox 181 3076 312 3155; x_wconf 88' lang='lat' dir='ltr'><strong>Sequere</strong></span> <span class='ocrx_word' id='word_1_228' title='bbox 327 3077 383 3161; x_wconf 87' lang='lat' dir='ltr'><strong>hac</strong></span> <span class='ocrx_word' id='word_1_229' title='bbox 398 3077 487 3155; x_wconf 92' lang='lat' dir='ltr'><strong>igitur</strong></span> <span class='ocrx_word' id='word_1_230' title='bbox 502 3095 558 3152; x_wconf 86' lang='lat' dir='ltr'><strong>me,</strong></span> <span class='ocrx_word' id='word_1_231' title='bbox 579 3094 648 3137; x_wconf 92' lang='lat' dir='ltr'><strong>nam</strong></span> <span class='ocrx_word' id='word_1_232' title='bbox 663 3077 703 3136; x_wconf 92' lang='lat' dir='ltr'><strong>mi</strong></span> <span class='ocrx_word' id='word_1_233' title='bbox 719 3076 795 3138; x_wconf 92' lang='lat' dir='ltr'><strong>istuc</strong></span> <span class='ocrx_word' id='word_1_234' title='bbox 813 3078 942 3158; x_wconf 92' lang='lat' dir='ltr'><strong>primum</strong></span> <span class='ocrx_word' id='word_1_235' title='bbox 958 3077 1133 3157; x_wconf 82' lang='lat' dir='ltr'><strong>exquisitost</strong></span> 
     </span>
     <span class='ocr_line' id='line_1_30' title="bbox 67 3180 446 3242; baseline 0.003 -20"><span class='ocrx_word' id='word_1_236' title='bbox 67 3200 72 3215; x_wconf 80' lang='lat'><strong>·</strong></span> <span class='ocrx_word' id='word_1_237' title='bbox 362 3180 446 3242; x_wconf 88' lang='lat' dir='ltr'><strong>opus.</strong></span> 
     </span>
    </p>

    <p class='ocr_par' dir='ltr' id='par_1_10' title="bbox 57 3245 942 3326">
     <span class='ocr_line' id='line_1_31' title="bbox 57 3245 942 3326; baseline -0.001 -20"><span class='ocrx_word' id='word_1_238' title='bbox 57 3246 109 3307; x_wconf 89' lang='lat' dir='ltr'><strong>sed</strong></span> <span class='ocrx_word' id='word_1_239' title='bbox 122 3245 189 3306; x_wconf 85' lang='lat' dir='ltr'><strong>vide</strong></span> <span class='ocrx_word' id='word_1_240' title='bbox 204 3264 239 3307; x_wconf 84' lang='lat' dir='ltr'><strong>ex</strong></span> <span class='ocrx_word' id='word_1_241' title='bbox 255 3247 322 3308; x_wconf 86' lang='lat' dir='ltr'><strong>navi</strong></span> <span class='ocrx_word' id='word_1_242' title='bbox 337 3247 500 3308; x_wconf 82' lang='lat' dir='ltr'><strong>efferantur</strong></span> <span class='ocrx_word' id='word_1_243' title='bbox 515 3264 590 3324; x_wconf 92' lang='lat' dir='ltr'><strong>quae</strong></span> <span class='ocrx_word' id='word_1_244' title='bbox 605 3246 747 3326; x_wconf 88' lang='lat' dir='ltr'><strong>imperavi</strong></span> <span class='ocrx_word' id='word_1_245' title='bbox 761 3246 818 3306; x_wconf 90' lang='lat' dir='ltr'><strong>iarn</strong></span> <span class='ocrx_word' id='word_1_246' title='bbox 834 3247 942 3307; x_wconf 91' lang='lat' dir='ltr'><strong>omnia.</strong></span> 
     </span>
    </p>

    <p class='ocr_par' dir='ltr' id='par_1_11' title="bbox 56 3328 1133 3411">
     <span class='ocr_line' id='line_1_32' title="bbox 56 3328 1133 3411; baseline 0.001 -21"><span class='ocrx_word' id='word_1_247' title='bbox 56 3328 122 3392; x_wconf 87' lang='lat' dir='ltr'><strong>Sos.</strong></span> <span class='ocrx_word' id='word_1_248' title='bbox 145 3330 182 3392; x_wconf 83' lang='lat' dir='ltr'><strong>Et</strong></span> <span class='ocrx_word' id='word_1_249' title='bbox 194 3349 308 3392; x_wconf 92' lang='lat' dir='ltr'><strong>memor</strong></span> <span class='ocrx_word' id='word_1_250' title='bbox 318 3349 384 3393; x_wconf 91' lang='lat' dir='ltr'><strong>sum</strong></span> <span class='ocrx_word' id='word_1_251' title='bbox 397 3340 426 3392; x_wconf 92' lang='lat' dir='ltr'><strong>et</strong></span> <span class='ocrx_word' id='word_1_252' title='bbox 438 3330 571 3410; x_wconf 87' lang='lat' dir='ltr'><strong>diligens,</strong></span> <span class='ocrx_word' id='word_1_253' title='bbox 588 3339 621 3392; x_wconf 94' lang='lat' dir='ltr'><strong>ut</strong></span> <span class='ocrx_word' id='word_1_254' title='bbox 636 3349 712 3409; x_wconf 91' lang='lat' dir='ltr'><strong>quae</strong></span> <span class='ocrx_word' id='word_1_255' title='bbox 722 3332 851 3410; x_wconf 90' lang='lat' dir='ltr'><strong>imperes</strong></span> <span class='ocrx_word' id='word_1_256' title='bbox 862 3338 1067 3411; x_wconf 87' lang='lat' dir='ltr'><strong>compareant;</strong></span> <span class='ocrx_word' id='word_1_257' title='bbox 1089 3341 1133 3391; x_wconf 81' lang='lat' dir='ltr'><strong>tto</strong></span> 
     </span>
    </p>
   </div>
   <div class='ocr_carea' id='block_1_7' title="bbox 54 3529 1133 4003">
    <p class='ocr_par' dir='ltr' id='par_1_12' title="bbox 54 3529 1133 4003">
     <span class='ocr_line' id='line_1_33' title="bbox 141 3529 1065 3612; baseline -0.002 -29"><span class='ocrx_word' id='word_1_258' title='bbox 141 3531 192 3583; x_wconf 79' lang='lat'><strong>607</strong></span> <span class='ocrx_word' id='word_1_259' title='bbox 210 3530 357 3584; x_wconf 78' lang='lat' dir='ltr'><strong>verberabit</strong></span> <span class='ocrx_word' id='word_1_260' title='bbox 369 3532 410 3612; x_wconf 32' lang='lat' dir='ltr'><strong>&#39;Ba</strong></span> <span class='ocrx_word' id='word_1_261' title='bbox 496 3533 546 3585; x_wconf 89' lang='grc'><strong>612</strong></span> <span class='ocrx_word' id='word_1_262' title='bbox 565 3546 632 3583; x_wconf 90' lang='lat' dir='ltr'><strong>nnnc</strong></span> <span class='ocrx_word' id='word_1_263' title='bbox 650 3547 700 3612; x_wconf 78' lang='lat' dir='ltr'><strong>om.</strong></span> <span class='ocrx_word' id='word_1_264' title='bbox 718 3532 743 3581; x_wconf 88' lang='lat' dir='ltr'><em>D</em></span> <span class='ocrx_word' id='word_1_265' title='bbox 823 3532 874 3583; x_wconf 81' lang='grc'><strong>614</strong></span> <span class='ocrx_word' id='word_1_266' title='bbox 892 3529 959 3612; x_wconf 58' lang='lat' dir='ltr'><strong>pabo</strong></span> <span class='ocrx_word' id='word_1_267' title='bbox 976 3532 1065 3583; x_wconf 65' lang='lat' dir='ltr'><strong>Boou</strong></span> 
     </span>
     <span class='ocr_line' id='line_1_34' title="bbox 55 3599 1133 3732; baseline -0.001 -13"><span class='ocrx_word' id='word_1_268' title='bbox 55 3599 330 3720; x_wconf 53' lang='lat' dir='ltr'><strong>gfflffioessffim</strong></span> <span class='ocrx_word' id='word_1_269' title='bbox 353 3600 617 3732; x_wconf 54' lang='lat' dir='ltr'><strong>vibbbeotbongbi?</strong></span> <span class='ocrx_word' id='word_1_270' title='bbox 635 3599 697 3666; x_wconf 60' lang='lat' dir='ltr'><strong>qum</strong></span> <span class='ocrx_word' id='word_1_271' title='bbox 714 3600 823 3719; x_wconf 42' lang='lat' dir='ltr'><strong>bigiti</strong></span> <span class='ocrx_word' id='word_1_272' title='bbox 842 3599 1133 3730; x_wconf 56' lang='lat' dir='ltr'><strong>[mbiblb&#39;ibuelrbbnem</strong></span> 
     </span>
     <span class='ocr_line' id='line_1_35' title="bbox 142 3734 1133 3801; baseline 0 -14"><span class='ocrx_word' id='word_1_273' title='bbox 142 3735 191 3787; x_wconf 82' lang='grc'><strong>626</strong></span> <span class='ocrx_word' id='word_1_274' title='bbox 210 3734 339 3801; x_wconf 75' lang='lat' dir='ltr'><strong>*vigilans</strong></span> <span class='ocrx_word' id='word_1_275' title='bbox 355 3749 424 3785; x_wconf 90' lang='lat' dir='ltr'><strong>nunc</strong></span> <span class='ocrx_word' id='word_1_276' title='bbox 441 3734 517 3786; x_wconf 84' lang='lat' dir='ltr'><strong>video</strong></span> <span class='ocrx_word' id='word_1_277' title='bbox 534 3735 646 3800; x_wconf 83' lang='lat' dir='ltr'><strong>vigilans</strong></span> <span class='ocrx_word' id='word_1_278' title='bbox 664 3734 765 3786; x_wconf 80' lang='lat' dir='ltr'><strong>fabulor</strong></span> <span class='ocrx_word' id='word_1_279' title='bbox 783 3735 858 3786; x_wconf 84' lang='lat' dir='ltr'><strong>codd.</strong></span> <span class='ocrx_word' id='word_1_280' title='bbox 882 3737 942 3798; x_wconf 81' lang='lat' dir='ltr'><strong>(nuc</strong></span> <span class='ocrx_word' id='word_1_281' title='bbox 959 3736 1011 3795; x_wconf 53' lang='grc' dir='ltr'><strong>Πᾶς</strong></span> <span class='ocrx_word' id='word_1_282' title='bbox 1033 3735 1133 3788; x_wconf 79' lang='lat' dir='ltr'><strong>fabula·</strong></span> 
     </span>
     <span class='ocr_line' id='line_1_36' title="bbox 55 3800 1060 3868; baseline -0.001 -14"><span class='ocrx_word' id='word_1_283' title='bbox 55 3800 104 3854; x_wconf 87' lang='lat' dir='ltr'><strong>bor</strong></span> <span class='ocrx_word' id='word_1_284' title='bbox 121 3802 157 3862; x_wconf 72' lang='lat' dir='ltr'><strong>m</strong></span> <span class='ocrx_word' id='word_1_285' title='bbox 175 3802 228 3867; x_wconf 78' lang='lat' dir='ltr'><strong>vig.</strong></span> <span class='ocrx_word' id='word_1_286' title='bbox 246 3803 360 3866; x_wconf 73' lang='lat' dir='ltr'><strong>[lamam]</strong></span> <span class='ocrx_word' id='word_1_287' title='bbox 379 3802 431 3854; x_wconf 87' lang='lat' dir='ltr'><strong>lab.</strong></span> <span class='ocrx_word' id='word_1_288' title='bbox 449 3802 479 3854; x_wconf 80' lang='lat' dir='ltr'><strong>t.</strong></span> <span class='ocrx_word' id='word_1_289' title='bbox 498 3803 666 3868; x_wconf 79' lang='lat' dir='ltr'><strong>Spengoliue)</strong></span> <span class='ocrx_word' id='word_1_290' title='bbox 735 3805 784 3855; x_wconf 82' lang='grc'><strong>626</strong></span> <span class='ocrx_word' id='word_1_291' title='bbox 803 3817 855 3854; x_wconf 89' lang='lat' dir='ltr'><strong>non</strong></span> <span class='ocrx_word' id='word_1_292' title='bbox 872 3803 1060 3853; x_wconf 66' lang='lat' dir='ltr'><strong>recreemus</strong></span> 
     </span>
     <span class='ocr_line' id='line_1_37' title="bbox 54 3868 1131 3937; baseline -0.001 -14"><span class='ocrx_word' id='word_1_293' title='bbox 54 3871 108 3923; x_wconf 88' lang='grc'><strong>626</strong></span> <span class='ocrx_word' id='word_1_294' title='bbox 124 3868 202 3922; x_wconf 84' lang='lat' dir='ltr'><strong>blatis</strong></span> <span class='ocrx_word' id='word_1_295' title='bbox 219 3870 333 3933; x_wconf 77' lang='lat' dir='ltr'><strong>Nonius]</strong></span> <span class='ocrx_word' id='word_1_296' title='bbox 352 3871 440 3923; x_wconf 86' lang='lat' dir='ltr'><strong>blattis</strong></span> <span class='ocrx_word' id='word_1_297' title='bbox 526 3874 575 3924; x_wconf 79' lang='grc'><strong>627</strong></span> <span class='ocrx_word' id='word_1_298' title='bbox 595 3871 686 3937; x_wconf 87' lang='lat' dir='ltr'><strong>*quam</strong></span> <span class='ocrx_word' id='word_1_299' title='bbox 705 3871 781 3922; x_wconf 82' lang='lat' dir='ltr'><strong>codd.</strong></span> <span class='ocrx_word' id='word_1_300' title='bbox 868 3872 918 3922; x_wconf 83' lang='grc'><strong>629</strong></span> <span class='ocrx_word' id='word_1_301' title='bbox 936 3871 988 3922; x_wconf 86' lang='lat' dir='ltr'><strong>iam</strong></span> <span class='ocrx_word' id='word_1_302' title='bbox 1005 3871 1131 3937; x_wconf 85' lang='lat' dir='ltr'><strong>imperavi</strong></span> 
     </span>
     <span class='ocr_line' id='line_1_38' title="bbox 54 3938 799 4003; baseline 0 -14"><span class='ocrx_word' id='word_1_303' title='bbox 54 3938 142 4003; x_wconf 64' lang='lat' dir='ltr'><strong>codd„</strong></span> <span class='ocrx_word' id='word_1_304' title='bbox 159 3953 230 3991; x_wconf 82' lang='lat' dir='ltr'><strong>corr.</strong></span> <span class='ocrx_word' id='word_1_305' title='bbox 247 3940 363 3991; x_wconf 80' lang='lat' dir='ltr'><strong>Botlu&#39;m</strong></span> <span class='ocrx_word' id='word_1_306' title='bbox 432 3940 564 3993; x_wconf 78' lang='lat' dir='ltr'><strong>ote-631</strong></span> <span class='ocrx_word' id='word_1_307' title='bbox 586 3939 637 3990; x_wconf 80' lang='lat' dir='ltr'><strong>del.</strong></span> <span class='ocrx_word' id='word_1_308' title='bbox 655 3938 799 4003; x_wconf 68' lang='lat' dir='ltr'><strong>Veragros</strong></span> 
     </span>
    </p>
   </div>
   <div class='ocr_carea' id='block_1_8' title="bbox 0 0 1276 4364">
    <p class='ocr_par' dir='ltr' id='par_1_13' title="bbox 0 0 1276 4364">
     <span class='ocr_line' id='line_1_39' title="bbox 0 0 1276 4364; baseline 0 0"><span class='ocrx_word' id='word_1_309' title='bbox 0 0 1276 4364; x_wconf 95' lang='lat' dir='ltr'><strong> </strong></span> 
     </span>
    </p>
   </div>
  </div>
 </body>
</html>
