2544 4364
139 153 179 213 86
615 151 736 205 Pla-llll
1052 169 1104 221 112,
1112 171 1216 216 roo-eoo

139 329 231 389 Auru.
261 325 367 387 Nescio
384 324 449 403 quis
464 324 685 404 praestrigiator
700 325 778 385 hanc
793 325 964 386 frustratust
978 325 1141 388 mulierem.
1171 338 1214 389 800

139 413 209 473 Aue.
240 410 296 471 Per
311 409 443 491 supremi
459 410 538 489 regis
553 428 679 488 regnum
694 409 761 470 iuro
777 419 806 470 et
821 417 945 470 matrem
960 411 1083 473 familias

140 497 297 570 lunonem,
314 512 402 574 quam
417 512 465 555 me
480 495 576 556 vereri
590 502 620 555 et
633 501 766 556 metuere
782 502 827 556 est
840 513 894 575 par
908 512 1054 570 maxume,

139 589 174 642 ut
187 581 228 642 mi
244 589 324 642 entra
339 598 434 641 unum
448 589 477 640 te
492 574 625 641 m'ortalis
640 597 728 640 nemo
746 598 856 659 corpus
871 587 997 660 corpore
1109 598 1110 602 ¹

140 666 275 744 contigit,
299 684 359 745 quo
381 683 430 725 me
444 664 622 745 impudicam
637 665 757 725 laceret.
801 665 894 726 Auru.
924 665 998 725 Vera
1014 664 1104 726 istaec
1119 666 1213 742 velim.

139 750 209 812 duc.
240 750 314 811 Vera
330 750 406 824 dico,
422 750 472 811 sed
489 749 679 828 nequiquam,
696 749 837 829 quoniam
852 769 913 810 non
930 749 972 810 vis
988 751 1118 812 credere.
1173 762 1215 812 805

139 835 233 897 Auru.
256 835 416 908 Mulieres,
432 833 572 895 audacter
585 834 672 896 iuras.
718 834 787 895 100.
810 834 892 905 Quae
908 853 970 895 non
984 834 1116 913 deliquit,
1130 836 1216 897 decet

139 922 280 982 audacem
297 937 371 993 esse,
387 920 573 980 confidenter
587 937 642 998 pro
657 937 689 979 se
705 927 735 980 et
749 928 886 999 proterve
901 918 991 998 loqui.

139 1006 232 1066 Auru.
263 1003 339 1065 Satis
361 1004 507 1065 audacter.
552 1003 621 1064 duc.
651 1002 689 1064 Vt
710 1004 846 1083 pudicam
866 1003 959 1065 decet.
1003 1005 1095 1066 Auru.
1126 1005 1214 1067 Enim

449 1088 547 1150 verbis
561 1087 680 1168 probas.

140 1175 210 1234 duc.
240 1173 306 1234 Non
323 1190 379 1252 ego
394 1172 473 1234 illam
487 1172 560 1233 mini
575 1173 673 1234 dotem
688 1173 765 1235 duco
781 1192 855 1248 esse,
873 1191 949 1253 quae
965 1174 1018 1235 dos
1033 1174 1149 1250 dicitur,

141 1259 193 1320 sed
208 1257 378 1338 pudicitiam
394 1267 424 1318 et
439 1259 584 1338 pudorem
600 1266 631 1319 et
645 1257 779 1320 sedatum
794 1259 975 1338 cupidinem,
1022 1309 1028 1320 .
1172 1269 1216 1320 840

140 1344 228 1405 deum
243 1350 365 1418 metum,
380 1351 539 1423 parentum
555 1360 685 1404 amorem
701 1352 731 1404 et
745 1352 905 1423 cognatum
920 1344 1120 1420 concordiam,

140 1427 192 1489 tibi
208 1428 357 1508 morigera
372 1436 459 1507 atque
474 1436 508 1488 ut
521 1428 660 1490 munifica
675 1428 728 1490 sim
745 1428 842 1504 bonis,
858 1429 969 1509 prosim
984 1428 1096 1508 probis.

140 1512 205 1574 805.
234 1513 278 1573 Ne
293 1514 346 1574 ista
363 1513 482 1593 edepol,
501 1513 525 1574 si
541 1514 613 1574 haec
628 1532 695 1574 vera
709 1513 850 1592 loquitur,
866 1514 1069 1575 examussimst
1084 1523 1214 1594 optuma.

140 1598 234 1659 Auru.
264 1597 416 1659 llelenitus
431 1617 496 1659 sum
512 1599 646 1676 prolecto
661 1598 711 1672 ita,
727 1607 761 1659 ut
774 1617 822 1659 me
839 1599 889 1678 qui
905 1599 960 1659 sim
976 1599 1115 1660 nesciam.

140 1683 205 1744 805.
234 1680 411 1762 Amphitruo
427 1700 458 1744 es
473 1683 617 1761 prolecto,
633 1701 701 1743 cave
716 1682 756 1744 sis
772 1702 810 1744 ne
826 1693 858 1744 tu
873 1691 902 1744 te
919 1702 974 1745 usu
988 1683 1124 1763 perduis:
1172 1694 1216 1745 848

139 1767 179 1828 ita
195 1785 277 1828 nunc
291 1767 428 1829 homines
442 1767 636 1840 inmutautur,
651 1776 809 1847 postquam
824 1785 950 1848 peregre
965 1769 1145 1830 advenimus.

140 1853 232 1912 Auru.
263 1852 377 1927 Mulier,
393 1853 479 1913 istam
494 1869 558 1913 rem
573 1853 743 1932 inquisitam
759 1862 902 1915 certumst
918 1872 980 1914 nou
995 1853 1140 1915 amittere.

139 1936 208 1998 Aac.
232 1936 346 2016 Edepol
360 1956 408 1998 mc
423 1936 545 1998 lubente
560 1938 658 1999 100105.
689 1939 781 1999 Auen.
804 1938 883 2009 Quid
895 1936 957 1999 ais-l
972 1938 1120 2018 responde
1132 1938 1214 2000 mihi.

140 2022 211 2100 quid
226 2021 251 2082 si
267 2022 379 2083 adduco
395 2030 478 2082 tuom
494 2031 653 2100 cognatum
668 2022 727 2082 huc
741 2042 758 2082 a
773 2023 839 2083 navi
853 2023 1041 2097 Naucratem,

140 2106 191 2184 qui
207 2124 322 2166 mecum
338 2124 402 2166 uua.
412 2114 525 2166 vectust
539 2125 599 2167 una
616 2106 690 2181 navi,
706 2114 794 2186 atquc
808 2107 833 2169 is
848 2108 872 2169 si
888 2107 1014 2188 denegat
1172 2118 1215 2169 850

140 2192 216 2252 facta
232 2208 307 2269 quae
322 2197 354 2251 tu
370 2191 444 2251 lacta
461 2190 544 2265 dicis,
560 2190 630 2269 quid
645 2191 699 2252 tihi
714 2201 868 2271 aequomst
882 2191 968 2253 fieri?

141 2274 285 2354 numquid
302 2293 418 2336 causam
435 2274 517 2350 dicia,
532 2276 605 2354 quin
621 2283 651 2336 te
666 2278 722 2337 hoc
737 2277 860 2338 multem
875 2275 1086 2338 matrimonio?

140 2362 209 2420 duc.
240 2359 272 2420 Si
286 2360 406 2439 deliqui,
423 2359 503 2421 nulla
518 2369 642 2422 causast.
687 2361 779 2422 Auru.
810 2362 962 2424 Convenit.
991 2372 1034 2435 tu,
1050 2361 1143 2435 Sosia,

141 2445 197 2506 duc
213 2445 267 2506 hos
282 2445 371 2506 intro.
402 2463 458 2523 ego
472 2445 532 2506 huc
546 2445 582 2506 ab
598 2445 665 2507 navi
679 2464 797 2508 mecum
814 2447 957 2508 adducam
971 2447 1156 2508 Naucratem.
1172 2479 1214 2492 —

141 2529 205 2592 805.
221 2531 307 2592 Νο00
319 2529 437 2608 quidem
451 2539 570 2610 praeter
581 2550 637 2592 nos
649 2540 774 2593 nemost.
802 2531 849 2593 dic
860 2532 931 2593 mihi
943 2550 1044 2594 verum
1057 2532 1149 2593 serio:
1171 2540 1215 2592 855

141 2615 244 2694 ecquis
258 2615 332 2676 alius
348 2615 430 2676 Sosia
445 2615 549 2689 intust,
567 2616 618 2694 qui
633 2616 690 2677 mei
707 2617 809 2678 similis
824 2615 901 2678 siet?

140 2701 210 2760 Aue.
241 2698 318 2760 Abin
341 2700 412 2760 hinc
433 2718 449 2759 a
471 2719 518 2760 me
540 2700 648 2778 dignus
669 2699 790 2763 domino
812 2701 934 2764 servos?
978 2702 1042 2762 805.
1074 2701 1166 2774 Abeo,
1189 2700 1214 2761 si

451 2783 545 2845 iubes.
560 2818 603 2830 -

140 2869 209 2929 Ano.
240 2868 332 2929 Nimis
349 2876 462 2930 ecastor
477 2868 591 2930 facinus
606 2868 751 2944 mirumst,
767 2871 819 2949 qui
834 2871 876 2931 illi
892 2869 1077 2931 coulubitum
1092 2870 1148 2931 siet

141 2970 208 3013 meo
223 2952 285 3013 viro
301 2953 344 3015 sic
358 2970 406 3013 me
421 2953 592 3015 insimulare
608 2953 680 3015 10150
696 2954 811 3017 lacinus
825 2964 885 3017 tam
900 2955 1019 3016 malum.

141 3037 284 3116 quidquid
300 3037 426 3113 ostiam
442 3057 476 3099 ex
492 3038 638 3100 Naucrate
653 3048 778 3118 cognato
794 3040 823 3101 id
840 3058 1019 3119 cognoscam
1033 3058 1110 3101 meo.
1172 3047 1216 3098 880

226 3255 276 3306 830
293 3253 376 3307 Auru.
394 3254 517 3318 30110100]
537 3271 587 3311 om.
656 3256 835 3324 praestigiator
902 3255 1052 3309 ¹'frustratur
1071 3255 1146 3307 codd.

141 3324 189 3376 831
209 3337 356 3387 supremum
367 3322 413 3387 D’,
432 3337 550 3389 supremo
561 3323 599 3375 111
669 3326 718 3377 831
736 3324 911 3392 propterveD
979 3325 1029 3377 838
1047 3325 1113 3376 enirn
1131 3324 1215 3375 Lacla-

141 3394 264 3453 mnrutuo]
282 3391 308 3442 in
378 3394 441 3442 onte
459 3391 508 3443 839
526 3392 695 3443 intercidisse
706 3393 813 3459 aliquid
828 3391 1134 3443 1010110011111310010100
1151 3391 1167 3443 1.
1180 3409 1215 3455 0,·

141 3457 212 3507 idem
230 3473 254 3508 0.
272 3458 325 3510 838
342 3458 543 3524 dittograplu'ao
561 3462 657 3511 tribuit
673 3459 718 3524 (cf.
737 3461 797 3526 836)
875 3461 924 3513 839
943 3475 1000 3512 0550
1018 3459 1085 3512 duco
1103 3460 1216 3511 301101οι0

143 3527 193 3577 841
212 3521 344 3576 munificas
361 3527 388 3577 in
401 3526 476 3578 bonis
487 3527 562 3579 Bou
630 3529 679 3582 843
697 3543 757 3580 0000
775 3529 839 3580 10000
851 3527 957 3580 Noctua
1026 3530 1077 3580 844
1093 3527 1216 3579 delinitus

143 3594 192 3645 847
211 3591 293 3645 istanc
310 3593 346 3643 31
423 3596 472 3647 849
490 3593 541 3648 hnc
558 3594 600 3659 [ad
622 3598 657 3659 te]
674 3595 817 3648 Muellerm
884 3599 1030 3648 naucratam
1048 3595 1147 3647 31313

143 3663 193 3714 850
212 3660 273 3728 quid
289 3660 315 3710 D
395 3665 471 3713 vetus
487 3666 527 3715 051
543 3664 589 3729 Be,
604 3663 689 3717 rictus
707 3667 746 3716 est
763 3664 803 3714 111
890 3665 939 3716 854
957 3664 1036 3716 hosce
1053 3663 1216 3715 Sotmrdttns

143 3727 267 3780 abducam
283 3728 358 3780 333
435 3732 484 3783 855
502 3733 588 3783 utrum
604 3731 630 3781 11
708 3733 758 3785 856
775 3731 944 3784 0001533111
1023 3730 1215 3786 858000111000

142 3795 229 3848 113111
306 3798 355 3850 859
374 3796 439 3850 10150
457 3798 665 3862 Lindemannuo]
683 3799 775 3852 falsum
856 3801 906 3853 860
923 3800 950 3852 id
967 3804 1077 3866 cognato
1098 3800 1217 3868 Guyotuo
