2544 4364
94 186 135 244 82
568 188 687 242 varl
1018 210 1047 252 1v
1059 209 1077 259 v,
1090 209 1167 252 vo-oo

94 362 210 443 pictura
224 361 270 434 sit,
286 379 349 423 eam
364 363 479 424 vendat.
510 363 540 424 ni
555 362 585 423 in
602 362 765 442 quadriduo

95 446 276 522 abalienarit‚
291 466 381 527 quom
397 446 494 510 abste
509 457 664 528 argentum
680 450 836 528 acceperit,
1120 462 1165 512 765

94 541 161 594 tuos
176 533 332 595 arbitratus
347 533 398 595 sit:
415 533 581 609 comburas,
597 535 620 596 si
637 535 716 608 velis,

95 637 134 680 ne
149 619 191 679 illi
206 619 243 680 sit
257 637 334 690 cera,
351 618 402 680 ubi
417 621 513 681 facere
528 620 622 699 possit
636 620 756 681 litteras.

94 713 178 766 vooet
193 704 344 766 convivam
360 706 508 766 neminem
524 706 589 781 illa;
604 715 637 766 tu
651 724 747 766 vooes.

94 792 129 851 ad
146 809 248 852 eorum
265 810 304 851 ne
320 809 497 870 quemquam
513 791 615 852 oculos
630 791 735 852 adiciat
749 810 827 853 suos.

94 876 119 938 si
134 894 222 955 quem
237 876 327 937 alium
342 877 463 957 aspexit,
480 896 565 938 caeca
580 877 724 938 continuo
741 877 803 938 siet.

95 970 194 1023 tecum
209 981 269 1022 una
285 970 378 1042 potet,
394 981 486 1041 aeque
502 963 586 1043 pocla
601 963 722 1043 potitet3
777 1040 779 1046 s

94 1047 147 1108 abs
161 1048 209 1107 ted
225 1047 358 1126 accipiat,
373 1047 426 1108 tibi
441 1049 589 1127 propinet,
604 1058 638 1108 tu
651 1049 743 1122 bibas,

95 1152 133 1193 ne
148 1132 195 1193 illa
210 1133 308 1193 minus
323 1141 373 1193 aut
387 1133 554 1213 plusquam
568 1143 601 1194 tu
616 1128 726 1213 sapiat.³
772 1132 853 1194 uno.
885 1133 960 1195 Satis
975 1135 1080 1214 placet.

95 1218 164 1278 Pan.
191 1211 397 1297 ‘Suspiciones
412 1237 515 1281 omnes
530 1219 566 1280 ab
582 1239 613 1282 se
628 1227 772 1299 segreget.

96 1322 192 1382 neque
208 1303 291 1364 illaec
307 1304 358 1364 ulli
373 1305 447 1384 pede
462 1305 567 1384 pedem
582 1305 696 1366 homini
710 1311 833 1385 premat,
1123 1319 1167 1368 777

96 1408 185 1468 quom
208 1397 318 1469 surgat,
342 1408 439 1469 neque
462 1392 572 1469 [quom]
595 1391 625 1451 in
649 1391 758 1451 lectum
780 1389 932 1450 inscendat
954 1410 1145 1470 proxumum,

96 1493 193 1553 neque
216 1494 308 1554 quom
330 1476 490 1537 descendat
512 1476 591 1550 inde,
615 1477 664 1537 det
686 1476 844 1554 quoiquam
866 1494 1001 1537 manum:

95 1560 287 1639 spectandum
311 1567 349 1620 nc
372 1562 530 1640 quoiquam
554 1562 676 1622 anulum
698 1562 746 1622 det
769 1579 867 1639 neque
889 1569 983 1640 roget.

95 1646 168 1706 talos
190 1665 228 1706 ne
251 1646 411 1749 quoiquam
433 1647 546 1707 homiui
568 1647 720 1707 admoveat
742 1646 799 1707 nisi
819 1646 883 1707 tibi.

96 1750 187 1809 quom
208 1731 303 1804 iaciat,
336 1727 373 1793 te³
399 1751 437 1793 ne
459 1732 549 1793 dicat:
573 1751 682 1793 nornen
706 1732 848 1793 nominet.

96 1817 179 1876 deam
200 1817 318 1878 invocet
339 1817 394 1879 sibi
417 1836 506 1897 quam
527 1817 642 1879 lubebit
662 1817 830 1897 propitiam,

96 1903 184 1963 deum
206 1903 330 1963 nullum.
364 1903 388 1964 si
411 1904 503 1983 magis
524 1904 659 1983 religiosa
681 1903 780 1977 fuerit,

95 1988 148 2049 tibi
171 1988 262 2049 dicat:
286 1996 319 2048 tu
340 2007 395 2066 pro
418 1988 466 2048 illa
489 2008 556 2050 ores
578 1998 611 2050 ut
633 1989 671 2050 sit
691 1988 846 2068 propitius.

97 2093 193 2152 neque
216 2074 264 2134 illa
286 2072 338 2134 ulli
359 2074 473 2134 homini
496 2082 591 2149 nutet,
614 2074 716 2148 nictet,
739 2084 866 2150 annuat;

96 2167 174 2239 post,
195 2159 219 2220 si
241 2159 362 2219 lucerna
384 2159 527 2220 exstincta
549 2160 594 2235 sit,
618 2179 655 2220 ne
678 2159 748 2238 quid
770 2159 815 2220 sui
1123 2170 1169 2221 785

98 2244 222 2306 membri
247 2253 428 2305 commoveat
454 2245 611 2324 quicquam
640 2245 671 2306 in
694 2235 844 2306 tenebris?
890 2245 969 2306 Dice.
1001 2245 1168 2325 Optumest.

98 2330 138 2391 ita
161 2329 273 2391 seilicet
294 2331 447 2390 facturam.
491 2349 594 2392 verum
616 2332 647 2392 in
670 2330 806 2392 cubiculo
829 2366 870 2376 -

98 2417 182 2477 deme
204 2417 279 2477 istuc
301 2450 342 2461 —
364 2417 498 2495 equidem
521 2417 599 2478 illam
622 2416 733 2478 moveri
755 2416 858 2496 gestio.

98 2502 168 2563 nolo
191 2502 268 2562 illam
291 2520 408 2564 oausam
429 2501 538 2564 habere
562 2512 591 2564 et
611 2503 731 2564 votitam
753 2502 860 2564 dicere.
1125 2510 1169 2561 789

98 2588 167 2648 Pan.
191 2588 268 2662 Scio,
281 2589 433 2667 captiones
448 2589 562 2650 metuis.
597 2589 678 2650 Dran.
701 2589 819 2649 Verum.
852 2587 920 2647 Pau.
943 2586 1023 2665 Ergo
1036 2593 1068 2645 ut
1082 2584 1169 2647 iubes

98 2673 207 2733 tollam.
237 2674 318 2734 Dino.
335 2672 477 2745 Quidni?
504 2674 573 2734 Pru.
585 2674 660 2735 Audi
672 2674 791 2735 relicua.
820 2673 902 2733 Dran.
916 2671 1060 2750 Loquere,
1069 2671 1168 2734 audio.

98 2759 167 2819 Pan.
208 2753 324 2837 ‘Neque
347 2759 438 2819 ullum
459 2758 583 2820 verbum
605 2759 691 2821 faciat
711 2757 919 2840 perplexabile,

99 2863 196 2923 neque
218 2844 276 2904 ulla
299 2844 398 2923 lingua
419 2843 492 2904 sciat
514 2844 594 2923 loqui
618 2845 674 2906 uisi
696 2844 800 2905 Attica.

99 2932 160 2992 fors
181 2930 205 2991 si
228 2930 334 2991 tussire
357 2929 495 3008 ocoepsit,
519 2949 557 2991 ne
579 2929 621 2991 sio
643 2930 755 3003 tussiat,

98 3024 133 3077 ut
154 3015 315 3094 quoiquam
335 3015 467 3094 linguam
488 3015 519 3076 in
543 3015 695 3078 tussiendo
718 3022 862 3094 proserat.
1126 3025 1170 3075 '195

185 3151 235 3202 764
252 3148 278 3199 ui
296 3149 321 3200 in
340 3154 374 3216 q.]
392 3149 560 3218 inquadridua
573 3151 598 3201 E
666 3152 714 3202 765
733 3164 810 3216 quom
823 3149 869 3201 abs
883 3152 908 3200 te
919 3149 1089 3199 Abrabamus
1108 3148 1125 3200 l.
1138 3152 1169 3212 7.]

99 3219 166 3284 quod
181 3218 226 3270 abs
236 3221 261 3269 te
271 3217 383 3283 Nonius,
398 3235 449 3286 quo
459 3219 531 3270 abste
541 3219 597 3277 BD,
612 3235 662 3286 quo
673 3224 732 3270 exte
741 3219 784 3282 ld¹,
798 3216 865 3285 quod
876 3232 907 3268 ex
917 3221 942 3269 te
952 3216 989 3268 E³
1041 3217 1089 3268 766
1100 3231 1170 3268 conr-

98 3286 172 3338 burat
190 3287 212 3338 si
230 3286 293 3338 velit
310 3286 415 3339 Nonius
493 3289 541 3339 767
561 3286 625 3339 nulli
643 3287 676 3337 sit
693 3285 799 3338 Noniae
871 3288 921 3338 769
939 3300 1027 3337 eorum
1047 3284 1170 3340 Gamma-

98 3355 268 3418 7777717777]
320 3370 474 3421 quemquam
491 3355 611 3417 Botlviue]
630 3370 707 3422 quem
775 3358 824 3408 771
843 3353 940 3420 *potet]
959 3361 1048 3419 postea
1101 3353 1169 3419 poda

99 3423 184 3474 B¹DE
236 3423 454 3475 77271777711171
505 3423 630 3490 accipiaet
646 3425 687 3474 1)ss
742 3426 790 3475 775
809 3439 833 3489 p.
852 3423 944 3488 pedem
962 3426 1088 3489 [usquam]
1107 3422 1132 3476 h.
1143 3439 1169 3489 p.

99 3490 265 3555 Ritrobeliuo,
283 3491 403 3543 *bomoni
416 3507 440 3558 p.
454 3507 478 3557 p.
492 3507 516 3557 p.
587 3495 635 3544 776
650 3495 745 3558 [quom]
758 3490 900 3543 Muellerus
969 3494 1017 3543 777
1030 3490 1169 3542 descendet

99 3560 138 3610 1)v
216 3561 265 3613 778
283 3575 315 3612 ne
333 3559 470 3627 quoiquam
488 3559 609 3628 I’yloder]
628 3561 700 3611 necui
719 3560 794 3611 codd.
813 3575 872 3610 oum
889 3559 978 3611 Nonio
1058 3562 1106 3611 779
1125 3558 1169 3610 ad-

99 3632 201 3682 moveat
219 3628 315 3680 bomini
332 3628 455 3695 Pylades,
472 3626 590 3680 *homoni
608 3643 630 3678 7.
701 3630 748 3680 786
767 3628 950 3680 177771171111Ι
1020 3629 1070 3680 784
1087 3627 1170 3678 horni-

100 3712 160 3747 num
177 3696 282 3748 Nonius
367 3698 415 3748 785
434 3701 494 3764 post
510 3696 536 3748 id
554 3696 575 3748 si
592 3697 644 3746 DE
728 3696 762 3748 sit
780 3700 803 3759 ς]
822 3698 861 3747 est
914 3698 995 3749 “786
1014 3697 1169 3762 optumstB

101 3767 150 3817 789
168 3765 238 3816 iliam
257 3779 359 3818 causam
376 3765 470 3817 bebere
487 3764 599 3827 Nonius]
618 3764 710 3817 babere
728 3764 798 3815 illam
821 3779 923 3817 oausam
991 3764 1106 3816 uotieam
1123 3764 1168 3830 13¹,

99 3833 254 3885 notitiam&
316 3836 363 3886 791
382 3833 479 3900 reliqua
546 3832 667 3900 eloquere
685 3833 797 3884 17777777
865 3834 914 3886 792
931 3848 979 3884 nec
995 3832 1101 3884 Nonius

100 3901 266 3968 perplexibile
284 3901 343 3968 DE,
359 3900 515 3968 perpexibile
534 3903 562 3965 B,
581 3900 743 3968 perpexabile
760 3901 866 3954 Nonius
959 3903 1008 3953 793
1026 3902 1119 3954 atticae
1137 3907 1169 3952 ut

100 3970 153 4022 oid.
170 3971 211 4020 Da
287 3971 337 4023 794
355 3969 407 4022 fora
424 3970 545 4033 Botbiue]
563 3968 629 4021 forte
702 3985 750 4022 nec
767 3971 805 4023 sic
822 3970 854 4035 E,
872 3983 904 4021 ne
922 3967 956 4021 sit
972 3969 1010 4020 Ba
