2544 4364
109 151 172 213 120
585 150 705 206 911771
1024 168 1192 220 rura-ara

173 343 264 405 super
285 325 439 389 Euclionis
461 324 529 386 iilia.
576 343 658 386 nunc
680 334 708 386 te
732 321 857 386 obsecro

173 428 361 490 resecroque,
384 418 485 483 mater,
509 410 589 488 quod
611 410 722 471 dudum
741 408 979 472 obsecraveram:

175 497 220 559 iac
241 497 424 559 mentionem
446 513 514 557 cum
537 495 691 570 avonemo,
713 504 817 567 mater,
839 512 915 556 meo.
1150 503 1190 557 a

174 580 245 642 Evu.
283 581 346 644 Scis
370 590 431 643 tute
453 582 529 642 sacta
550 580 623 640 velle
645 599 692 642 me
715 598 789 658 quae
813 587 844 641 tu
868 579 947 652 reiis,

174 676 204 727 et
225 666 302 729 istuc
324 667 443 729 confido
465 667 502 743 [a]
526 667 616 726 fratre
639 683 686 726 me
708 665 922 744 impetrassere.

175 761 204 813 ct
226 770 313 813 causa
335 752 447 826 iustast,
470 750 615 830 siquidem
639 751 707 812 irase
728 758 762 810 ut
783 749 944 830 praedicas,

175 846 203 898 te
225 854 288 898 eam
312 836 523 916 compressisse
546 835 728 896 vinolentum
751 835 902 914 virginem.

174 921 242 982 ch.
279 921 382 1001 Egone
405 931 438 981 ut
459 930 488 981 ie
511 921 666 982 advorsum
689 919 825 993 mentiar,
847 929 941 980 mater
963 913 1050 979 mea?
1147 926 1190 979 im

173 1005 281 1067 Puero.
319 1005 406 1079 i'erii,
430 1023 494 1065 mea
516 1004 625 1066 nutrix.
670 1003 794 1066 obsecro
817 1014 855 1080 te,
879 1014 995 1066 uterum
1017 1003 1111 1065 dolel.

173 1090 249 1151 luno
272 1091 394 1165 Lucina,
417 1099 496 1152 tuam
519 1090 621 1151 ssdemi
667 1089 735 1150 ch.
767 1089 831 1165 Em,
855 1098 949 1151 mater
971 1105 1045 1163 mea,

174 1175 227 1236 tibi
248 1194 311 1236 rem
335 1175 481 1255 potiorem
502 1173 611 1236 verbo:
635 1174 749 1247 clamat,
765 1175 900 1254 parturit.

174 1259 245 1320 Erro.
281 1259 316 1322 Ei
338 1260 393 1322 hac
416 1260 496 1321 intro
519 1277 647 1331 mecum,
669 1268 757 1339 gnate
780 1260 830 1333 mi,
853 1260 888 1320 ad
912 1261 1031 1320 fratrem
1054 1276 1169 1333 meum,

174 1355 207 1406 ut
229 1345 304 1407 isldc
328 1345 408 1424 quod
430 1363 476 1406 me
500 1363 567 1406 oras
590 1343 778 1425 impetratum
800 1345 836 1405 ab
859 1363 895 1406 eo
917 1345 1058 1405 auferam.
1144 1352 1189 1406 a

174 1429 242 1490 Lro.
281 1430 325 1506 Ei,
348 1431 405 1492 iam
428 1449 539 1509 sequor
561 1439 599 1505 te,
622 1439 724 1491 mater.
747 1465 789 1476 -
811 1430 861 1492 sed
883 1446 998 1490 servom
1021 1446 1122 1490 meum

175 1515 336 1577 Strobilum
359 1517 452 1577 miror
474 1515 525 1576 ubi
548 1514 596 1588 sir,
619 1532 707 1594 quem
731 1532 785 1595 ego
808 1532 856 1576 me
878 1515 1020 1576 iusseram

172 1600 222 1661 hic
245 1600 385 1680 opperiri.
431 1619 512 1662 nunc
535 1618 590 1679 ego
614 1618 729 1662 mecum
752 1600 866 1679 cogito:

173 1685 198 1746 si
221 1685 292 1746 mihi
314 1685 364 1746 dat
386 1702 516 1764 operam,
541 1702 587 1745 me
610 1685 652 1745 illi
674 1684 759 1746 irasci
782 1685 961 1747 iniuriumst.

174 1768 224 1830 ibo
246 1770 326 1831 intro
349 1768 400 1833 ubi
423 1769 459 1832 de
481 1768 577 1849 capide
599 1787 666 1831 meo
688 1779 759 1831 sunt
781 1769 908 1831 comitia.
1144 1780 1189 1831 τω

520 1903 776 1967 STROBILVS
1105 1904 1145 1965 lv
1168 1905 1188 1969 8

175 1989 236 2050 Pici
260 1990 365 2051 dividis
388 1989 438 2068 qui
461 2007 566 2050 aureos
589 1997 705 2050 montes
729 1991 831 2051 colunt

174 2092 229 2153 ego
252 2073 333 2136 solus
355 2091 473 2153 supero.
519 2091 587 2134 uam
609 2073 681 2134 istos
703 2092 789 2154 reges
811 2084 926 2136 ceteros

173 2176 338 2220 memorare
361 2157 441 2230 nolo,
464 2157 620 2219 hominum
641 2159 861 2220 mendicabula:

170 2262 228 2331 ego
251 2262 315 2305 sum
340 2243 388 2305 illo
410 2261 462 2304 ren
485 2241 648 2322 Philippus.
693 2263 710 2304 o
733 2244 863 2323 lepidum
886 2243 972 2305 diem.

175 2348 243 2389 narn
267 2339 299 2389 ut
321 2328 432 2391 dudum
454 2327 525 2388 binc
547 2327 615 2402 abii,
637 2328 730 2389 multo
753 2328 803 2390 illo
826 2329 929 2390 adveni
951 2328 1035 2410 prior
1143 2339 1188 2393 ado

173 2414 325 2493 multoque
347 2414 431 2493 prius
453 2431 500 2474 me
522 2412 673 2475 conlocavi
695 2414 725 2475 in
749 2414 885 2475 arborem

173 2500 301 2578 indeque
323 2497 490 2578 spectabam
513 2515 618 2560 aurum
635 2498 690 2559 ubi
713 2498 904 2561 abstrudehao
925 2518 1025 2560 senex.

173 2583 224 2644 ubi
246 2583 295 2645 ille
317 2583 396 2659 abiis,
420 2601 475 2663 ego
498 2601 544 2644 mo
567 2583 706 2645 deorsum
729 2584 805 2646 duco
829 2584 864 2645 de
887 2584 1002 2655 arbore,

173 2668 289 2729 exfodIo
312 2669 407 2729 aulam
430 2668 493 2728 auri
517 2669 643 2747 plenam.
688 2669 756 2729 inde
778 2669 799 2749 †
821 2686 857 2729 er
879 2687 914 2730 eo
936 2669 1003 2730 loco

173 2752 255 2813 video
279 2753 411 2831 recipere
434 2771 466 2814 se
488 2771 606 2827 senem3
629 2752 678 2816 ille
701 2772 748 2815 me
770 2773 832 2814 non
855 2754 941 2827 videt,
1142 2765 1188 2816 71⁰

175 2856 242 2898 uam
266 2856 321 2916 ego
345 2836 487 2898 declinavi
509 2836 661 2916 paululum
686 2857 732 2898 me
754 2847 836 2900 extra
858 2839 943 2900 viam.

172 2930 252 2996 attat,
274 2940 377 2982 eccum
400 2921 506 3000 ipsum.
550 2920 609 2996 ibo,
634 2931 666 2982 ut
688 2922 746 2984 hoe
769 2924 904 2998 condam,
927 2924 1057 2985 domum.

178 3038 237 3090 684.
247 3039 296 3090 686
308 3039 415 3088 inverso
427 3036 523 3088 ordine
535 3037 619 3103 codd,
631 3054 700 3091 corr.
716 3039 814 3090 Parem
874 3042 924 3093 684
936 3045 1085 3108 reselroqne
1095 3067 1126 3079 ·-
1138 3042 1187 3093 ob-

109 3105 299 3158 seiraveraan
358 3107 407 3159 686
426 3105 585 3158 *meaoodd
638 3108 687 3159 687
707 3110 740 3170 [a]
752 3108 866 3174 Pylades
918 3108 1186 3162 dirimendarum

109 3176 236 3238 purpose
253 3171 330 3226 iidem
347 3190 402 3226 ros.
422 3175 522 3225 15-16
541 3174 591 3228 dut.
610 3175 632 3226 B
709 3177 759 3228 693
777 3175 882 3239 *rerbo]
901 3176 976 3228 video
1054 3179 1129 3231 6917
1147 3178 1185 3228 θ’

109 3244 158 3296 695
176 3244 238 3309 imp.
256 3243 289 3294 ab
308 3257 338 3294 eo
356 3241 408 3293 aui.
428 3242 569 3306 Gruterus]
593 3241 703 3294 efficiam
723 3244 769 3295 tibi
787 3244 950 3310 impetratum
969 3245 1051 3297 babeo
1070 3245 1183 3299 auferam

109 3313 159 3364 696
177 3310 241 3375 im,
260 3310 408 3362 om.B¹DIr‘
477 3311 526 3363 697
545 3310 719 3363 strolidumlr'
771 3311 816 3362 libi
830 3312 890 3363 13¹1)
959 3315 1009 3366 698
1022 3313 1115 3379 operiri

109 3382 185 3441 nunc]
204 3394 281 3444 quom
300 3378 334 3430 so
353 3378 448 3440 ffertus
518 3379 568 3430 699
586 3380 617 3441 si]
636 3378 724 3431 sedb'
792 3382 840 3432 701
861 3379 1003 3432 Srnomnrs
1021 3381 1184 3447 snurrsBla',

109 3460 159 3496 om.
168 3446 195 3495 D
263 3446 313 3512 pici
350 3447 437 3508 onius]
451 3445 517 3510 pici·
527 3446 559 3511 b,
572 3446 637 3512 picis
648 3447 697 3497 BD
714 3445 788 3507 (fort.
804 3451 956 3512 nominat.);
974 3451 1068 3501 Pnsae
1079 3449 1185 3511 intem

109 3517 225 3565 conatur
238 3512 383 3578 Koonigius
395 3529 438 3580 qu.
448 3515 485 3565 Pl.
497 3513 529 3566 18
534 3533 544 3577 ,·
562 3513 596 3575 cf.
611 3515 781 3582 Ostermoyer
796 3515 828 3566 ds
840 3518 902 3568 dist.
913 3514 969 3576 snb.
981 3520 1011 3567 in
1023 3533 1088 3569 com.
1101 3518 1138 3570 PL
1151 3518 1183 3570 19

109 3582 203 3633 montis
216 3581 266 3632 1719
334 3582 384 3633 762
403 3585 460 3647 ego]
479 3596 524 3634 eos
536 3580 642 3633 Nonius
710 3586 777 3646 nam]
796 3584 865 3635 *tum
936 3585 1076 3648 bominum]
1094 3601 1183 3652 regom

110 3649 228 3717 Guyctus
297 3651 346 3701 795
359 3649 401 3701 abi
414 3650 500 3700 B¹DE
551 3649 596 3736 iilo
611 3650 1027 3732 camerarim111dcd,iducu1r
1078 3657 1126 3706 707
1140 3669 1184 3706 ex·

108 3717 1183 3855 99979676996969967197967779

107 3851 143 3903 M.
161 3850 268 3915 71639,
289 3854 320 3904 17
416 3855 465 3905 719
483 3859 544 3917 non]
562 3854 629 3906 baud
649 3854 768 3921 dnyeous
857 3859 904 3908 711
925 3871 974 3922 ego
992 3857 1116 3925 Pylades]
1133 3874 1183 3927 ego

108 3934 159 3972 non
228 3920 360 3987 paniolum
380 3924 403 3983 s]
421 3921 525 3987 paulum
596 3924 645 3975 712
664 3925 731 3989 [ego]
750 3924 793 3975 ibo
813 3923 938 3975 Goetzius
