2544 4364
362 885 868 984 PROLOGVS

504 1172 768 1235 MERCVRIVS

183 1323 221 1384 Vt
241 1341 293 1385 vos
316 1323 346 1384 in
368 1325 474 1387 vostris
495 1326 581 1387 voltis
603 1325 804 1388 mercimoniis

99 1407 234 1470 emundis
256 1409 480 1489 vendundisque
502 1429 550 1470 me
571 1409 680 1470 laetum
702 1410 793 1472 lucris

98 1494 224 1554 adficere
246 1501 335 1572 atque
356 1494 492 1556 adiuvare
514 1495 545 1555 in
569 1494 658 1556 rebus
682 1493 830 1570 omnibus,

97 1586 127 1640 et
149 1586 183 1639 ut
204 1596 252 1639 res
273 1578 464 1658 rationesque
486 1588 656 1640 vostrorum
679 1579 814 1641 omnium

96 1662 175 1724 hene
198 1663 335 1742 expedire
355 1664 441 1726 voltis
462 1664 641 1745 peregrique
664 1673 693 1725 et
715 1665 805 1740 domi,

96 1747 239 1826 bonoque
261 1757 350 1827 atque
372 1751 468 1829 amplo
491 1757 611 1811 auctare
632 1758 777 1829 perpetuo
800 1749 883 1810 lucro

97 1850 230 1911 quasque
252 1833 404 1913 incepistis
426 1852 474 1896 res
497 1852 629 1913 quasque
651 1833 850 1914 inceptabitis‚

97 1925 127 1978 et
147 1921 192 1978 uti
214 1917 302 1980 banis
323 1937 375 1980 ros
396 1928 571 1998 vostrosque
594 1918 691 1980 omnis
713 1919 827 1980 nuntiis

96 2020 145 2065 me
167 2003 293 2064 adiicere
314 2004 408 2079 voltis,
432 2023 465 2066 ea
488 2004 628 2078 adieram,
652 2022 686 2065 ea
708 2003 752 2064 uti
774 2003 911 2065 nuntiem

98 2105 173 2166 quae
195 2105 332 2148 maxume
354 2089 385 2148 in
407 2108 471 2150 rem
492 2096 621 2151 vostram
644 2106 833 2150 communem
854 2089 932 2150 sient
1142 2101 1170 2151 10

96 2173 179 2249 (nam
199 2178 260 2234 vos‘
274 2173 392 2251 quidem
415 2174 444 2234 id
466 2174 524 2235 iam
545 2173 627 2235 scitis
649 2191 824 2236 conoessum
846 2182 876 2234 et
898 2174 999 2236 datum

97 2257 138 2317 mi
162 2275 225 2318 esse
248 2256 284 2318 ab
307 2258 351 2319 dis
374 2258 446 2335 aliis,
468 2257 582 2320 nuntiis
602 2259 731 2338 praesim
754 2267 784 2319 et
804 2260 914 2335 lucrm:

97 2341 172 2402 haec
193 2350 227 2401 ut
248 2360 295 2402 me
317 2343 403 2405 voltis
424 2343 589 2423 adprobare
612 2343 748 2419 adnitier,

97 2427 214 2488 luorum
235 2435 269 2488 ut
289 2446 423 2507 perenne
444 2428 527 2490 vobis
549 2447 668 2508 semper
689 2436 843 2508 suppetat:

97 2512 137 2572 ita
158 2511 229 2572 huic
250 2512 364 2574 iacietis
386 2512 502 2575 fabulae
524 2513 674 2574 silentium

97 2596 197 2676 itaque
219 2596 305 2675 aequi
327 2605 357 2658 et
378 2597 447 2659 iusti
468 2598 517 2658 hic
539 2597 621 2658 eritis
644 2614 748 2658 omnes
771 2595 883 2657 arbitri.

182 2681 270 2742 Nunc
292 2682 400 2760 quoius
422 2682 505 2744 iussu
526 2681 613 2743 venio
636 2689 666 2743 et
688 2700 776 2761 quam
799 2680 837 2742 ob
860 2699 924 2742 rem
944 2680 1078 2744 venerim

97 2765 192 2827 dicam
214 2767 361 2845 simulque
384 2766 447 2846 ipse
470 2767 593 2846 eloquar
614 2785 725 2828 nomen
747 2784 870 2828 meum.-

97 2851 173 2912 lovis
195 2851 276 2913 iussu
298 2851 401 2926 venio;
425 2870 535 2913 nomen
559 2852 734 2913 Mercuriost
756 2851 837 2912 mihi.

97 2944 181 3015 pater
203 2937 261 2997 huc
283 2954 331 2996 me
352 2937 432 2998 misit
454 2937 564 2998 advos
586 2944 703 2997 oratum
725 2954 819 3010 meus,

97 3025 214 3081 tametsi
235 3040 289 3101 pro
313 3021 437 3100 imperio
459 3020 544 3083 vobis
566 3022 645 3100 quod
667 3021 776 3081 dictum
799 3021 877 3082 foret

97 3105 192 3167 scibat
213 3106 354 3180 facturos,
378 3106 487 3185 quippe
511 3106 562 3184 qui
584 3106 768 3167 intellexerat

97 3190 192 3251 vereri
214 3208 265 3252 vos
287 3209 320 3251 se
342 3199 372 3251 et
393 3198 536 3264 metuere,
559 3190 599 3250 ita
620 3198 654 3250 ut
675 3197 829 3268 aequomst
850 3188 964 3264 Iovem;

96 3292 201 3336 rerum
221 3276 357 3355 profecto
378 3276 437 3336 hoe
458 3283 560 3355 petere
582 3293 629 3336 me
651 3275 785 3355 precario

98 3376 113 3419 a
136 3360 218 3421 vobis
240 3361 324 3422 iussit
345 3360 452 3421 leniter
474 3360 559 3421 dictis
581 3359 677 3421 bonis.
1142 3366 1171 3418 25

184 3591 315 3630 rrouocvs
333 3594 384 3629 am.
403 3578 479 3629 cedd.
560 3577 694 3643 prologus
711 3578 802 3628 multia
818 3575 966 3626 multorum
980 3573 1171 3625 additamentis

98 3649 196 3697 auetua
208 3649 235 3695 et
244 3648 401 3698 inmutatus.
436 3648 521 3696 inesse
536 3662 604 3711 qnae
616 3645 707 3697 Plauti
724 3649 843 3710 tempora
862 3644 994 3695 accedant
1010 3643 1102 3693 docuit
1113 3640 1170 3692 uta-

97 3714 213 3765 eeteliue
226 3728 336 3780 parerg.
354 3729 381 3780 p.
399 3712 451 3764 212
459 3729 496 3778 sq.
584 3717 599 3766 5
618 3727 775 3780 peregreque
792 3711 836 3774 132,
853 3712 1038 3778 peregrinaque
1054 3709 1093 3759 Ι)ι

99 3783 116 3833 9
134 3785 163 3833 ut
174 3781 236 3845 Bu,-
253 3783 461 3834 constructionis
480 3784 560 3833 etiam
572 3783 667 3834 Plauto
679 3779 865 3845 frequentatae
875 3783 905 3830 in
917 3782 967 3829 liae
979 3777 1072 3839 fabula
1083 3792 1170 3828 anem·

96 3848 173 3915 ptum
190 3865 213 3901 a.
232 3849 283 3903 842
362 3852 394 3904 14
411 3853 516 3916 superat
532 3851 558 3902 u
637 3851 668 3903 19
685 3848 803 3901 mercurii
822 3851 861 3899 est
878 3847 935 3911 ΒΕ,
952 3845 1060 3898 mercuri
1077 3849 1117 3896 eet
1134 3844 1168 3906 D,
1222 3869 1236 3881 κ

97 3931 202 3973 earne·
