2544 4364
434 789 696 870 Aaemmnrvm
717 794 737 868 I

183 975 216 1036 ln
240 977 344 1037 faciem
365 995 467 1039 versus
489 979 714 1059 Amphitruonis
736 980 879 1062 luppiter,

97 1061 168 1120 dum
189 1060 301 1121 bellum
323 1072 441 1141 gereret
463 1082 531 1124 cum
553 1064 690 1126 Telebois
710 1066 855 1143 hostibus

95 1145 268 1206 Alcmenam
291 1165 414 1208 uxorem
436 1149 514 1227 cepit
535 1150 709 1211 usurariam.
817 1187 819 1192 >

95 1229 261 1292 Mercurius
283 1231 408 1292 formam
431 1232 532 1294 Sosiae
554 1235 630 1295 servi
651 1236 728 1314 gerit

96 1315 241 1376 absentis:
264 1315 310 1377 his
331 1317 473 1378 Alcmena
495 1318 641 1396 decipitur
662 1319 747 1381 dolis.

96 1408 254 1481 postquam
275 1400 390 1461 rediere
411 1403 473 1462 veri
494 1403 671 1481 Amphitruo
695 1411 724 1464 et
746 1402 838 1477 Sosia,

95 1493 223 1563 uterque
245 1485 426 1547 deluduntur
448 1487 477 1547 in
501 1487 610 1547 mirum
632 1488 764 1548 modum.

96 1568 168 1629 hinc
190 1569 328 1648 iurgium,
350 1571 494 1633 tumultus
515 1572 602 1633 uxori
624 1580 653 1633 et
673 1573 747 1646 viro,

96 1655 192 1715 donec
214 1672 282 1715 eum
304 1656 418 1717 tonitru
439 1675 512 1717 voce
534 1657 622 1718 missa
644 1675 680 1718 ex
702 1657 820 1718 aethere

95 1739 262 1799 adulterum
284 1758 315 1800 se
338 1740 473 1821 luppiter
494 1742 648 1802 consessus
671 1750 725 1802 est.

423 1957 684 2034 Aaommurvu
705 1957 746 2032 H

95 2125 206 2191 Amore
228 2134 332 2206 captus
353 2127 529 2190 Alcumenas
550 2126 684 2206 luppiter

96 2209 216 2275 llutavit
237 2230 302 2274 sese
324 2211 355 2272 in
378 2213 502 2273 lormam
525 2212 588 2273 eius
611 2210 756 2290 coniugis,

96 2293 153 2359 Pro
176 2297 270 2377 patria
292 2296 469 2376 Amphitruo
492 2297 562 2357 dum
584 2295 719 2357 decernit
741 2314 808 2356 cum
830 2296 974 2359 hostibus.

96 2377 203 2445 llabitu
225 2381 390 2443 Mercurius
412 2381 439 2441 ci
462 2381 607 2443 subservit
629 2381 741 2441 Sosiae.

96 2463 121 2529 ls
143 2466 325 2528 advenientis
347 2485 464 2528 servom
486 2485 520 2527 ae
543 2465 697 2525 dominum
720 2465 829 2525 frustra
852 2464 950 2526 habet.
1153 2479 1167 2527 5

94 2547 209 2615 Turbas
230 2551 317 2612 uxori
340 2552 397 2612 ciet
418 2551 605 2630 Amphitruo,
627 2556 716 2626 atque
737 2548 864 2609 invicem

96 2633 223 2716 Raptant
243 2653 299 2716 pro
322 2635 462 2696 moechis.
506 2634 651 2712 blepharo
675 2641 778 2713 captus
801 2634 912 2695 arbiter

94 2716 163 2783 Vter
184 2721 222 2782 sit
243 2740 306 2782 non
329 2720 393 2799 quit
413 2720 590 2799 Amphitruo
613 2718 784 2780 decernere.

96 2801 221 2870 Omnem
242 2824 307 2866 rem
329 2813 468 2867 noscunt.
513 2803 648 2883 geminos
670 2804 832 2864 Alcumena
856 2802 986 2865 enititur.
1008 2807 1028 2878 †

179 3001 272 3039 menri
294 3002 424 3039 rnonoovs
445 3000 471 3037 m
493 2999 684 3037 unanimiorem
705 2998 799 3036 rervm
822 2999 909 3056 ronna
923 2986 955 3051 B,
978 2988 1036 3036 eine
1059 2989 1099 3038 u't.
1115 2988 1167 3039 DE

181 3059 193 3108 1
214 3055 391 3121 amphitrionis
408 3061 439 3106 ut
451 3056 610 3120 plerumque
627 3053 684 3117 (LG
696 3051 788 3119 praef.
799 3069 825 3120 p.
841 3053 904 3118 Vll)
988 3056 1004 3105 2
1022 3054 1166 3108 thelebois:

94 3128 133 3175 cic
150 3124 193 3175 ool
209 3124 320 3175 telebois
342 3125 440 3188 ubique
457 3127 519 3173 ante
539 3138 563 3175 e.
582 3121 633 3173 414
648 3121 794 3173 comendam
813 3121 1014 3186 pronuntiandi
1033 3124 1166 3174 rationem

95 3193 230 3258 uolgarem
248 3196 273 3241 et
290 3189 405 3250 fortasse
421 3191 575 3242 Plautinum
677 3191 692 3241 3
711 3189 878 3253 alcmenam,
904 3192 918 3241 5
937 3188 1080 3241 alcumena:
1099 3187 1164 3250 fort.

96 3275 110 3312 e
128 3261 263 3325 comperit
278 3259 439 3324 (Veeingt'ua)
538 3261 552 3308 *l
570 3258 606 3320 in]
625 3256 691 3308 dolis
709 3258 735 3308 in
754 3257 840 3321 codd„
858 3272 928 3307 corr.
947 3273 962 3310 ς

179 3341 323 3380 mmmmm.
341 3339 514 3378 mammonin
531 3325 555 3374 B
676 3329 688 3376 1
709 3325 857 3376 alcumenae
874 3325 914 3385 E;
937 3321 973 3382 cf.
994 3339 1019 3376 v.
1036 3323 1095 3379 486.
1113 3324 1165 3378 872

95 3397 111 3446 2
128 3396 204 3447 istius
222 3395 306 3461 (etius)
326 3393 528 3460 Opitziusetud.
541 3391 709 3458 nipeam
769 3394 785 3443 3
804 3391 884 3443 cernit
896 3391 983 3443 B¹Dlr⁷
1042 3395 1057 3444 6
1076 3395 1163 3460 atque]

94 3463 142 3515 *ae
160 3478 188 3515 se
274 3465 290 3514 9
309 3459 450 3528 alcumena]
467 3461 511 3512 illa
530 3462 645 3512 Botbius

528 3632 730 3642 *ῤ-
