2544 4364
543 137 661 191 ruavtt
1016 155 1142 206 rme-ca
1181 70 1184 159 ⁴

129 319 193 371 tace
209 319 295 387 atque
306 325 441 386 sequere,
456 306 545 387 Lyde,
561 327 618 370 me.
663 308 733 370 Lm.
763 310 836 373 llluc
851 311 891 373 sis
905 311 980 387 vide,

131 413 191 455 non
207 393 410 473 paedagogum
424 392 481 453 iam
496 410 552 464 me,
568 394 619 455 sed
635 393 748 474 Lydum
763 405 855 456 vocat.

131 478 208 540 Prsr.
237 478 303 538 Non
319 495 373 556 par
383 476 497 538 videtur
513 496 611 557 neque
625 478 663 540 sit
678 488 922 554 consentaneum,

132 580 222 642 quom
236 562 310 622 baec
325 561 407 623 intus
421 561 459 622 sit
473 569 585 623 etcum
600 563 692 624 amica
708 563 841 639 accubet,
856 563 877 640 †
1101 571 1142 623 141

132 665 282 727 quomque
297 645 447 708 osculetur
461 654 492 707 et
506 647 645 708 convivae
659 647 707 709 alii
721 647 876 721 accubent,

131 740 247 812 praesto
264 730 329 792 ibus
345 730 403 791 illic
418 730 604 811 paedagogus
618 741 651 793 ut
665 732 729 792 siet.

133 815 202 876 Lrn.
233 817 278 876 An
293 816 350 875 hoc
365 813 401 875 ad
416 833 465 876 eas
479 832 527 877 res
542 824 757 894 opsonatumst,
773 812 920 878 obsecro?

134 899 210 962 Prsr.
237 900 344 979 Sperat
357 899 475 978 quidem
490 900 621 962 animus:
638 918 697 978 quo
713 909 816 962 evenat
830 900 874 962 dis
888 900 919 960 in
936 908 1067 962 manust.

133 986 203 1045 Lm.
226 984 270 1045 Tu
283 984 404 1044 amicam
416 982 558 1044 habebis?
582 984 659 1045 Prsr.
676 983 772 1055 Quom
779 984 900 1058 videbis,
912 993 976 1044 tum
988 985 1079 1046 scies.
1101 993 1143 1045 145

133 1068 204 1129 Lm.
227 1069 320 1129 lmmo
336 1086 434 1146 neque
448 1066 570 1128 habebis
582 1086 679 1147 neque
691 1069 794 1130 sinam.
808 1069 860 1130 itu
875 1070 996 1130 horsum
1008 1069 1141 1131 domum.

134 1152 212 1214 Prsr.
243 1151 361 1226 Omitte,
377 1150 467 1231 Lyde,
483 1169 516 1212 ac
532 1170 600 1213 cave
615 1153 702 1213 malo.
746 1153 815 1214 Lm.
839 1150 940 1224 Quint
956 1171 1025 1215 cave
1040 1150 1142 1215 maloi

135 1238 212 1299 Prsr.
242 1237 301 1297 lam
317 1236 442 1297 excessit
452 1236 492 1296 mi
508 1244 586 1298 aetas
601 1255 636 1298 ex
648 1237 816 1316 magisterio
831 1247 893 1299 tuo.

134 1321 206 1382 Lm.
237 1321 261 1383 0
277 1320 456 1395 barathrum,
472 1319 524 1382 ubi
540 1340 572 1382 es
587 1319 690 1383 uunc‘l
705 1329 739 1381 ut
753 1340 808 1400 ego
824 1330 852 1383 te
867 1339 1008 1401 usurpem
1023 1320 1142 1383 lubens.

136 1407 229 1484 [video
244 1407 301 1466 iam
317 1406 407 1467 nimio
423 1405 515 1466 multo
530 1405 597 1485 plus
611 1424 699 1485 quam
715 1405 884 1482 volueram]
1101 1415 1144 1466 161

135 1491 239 1552 vixisse
255 1490 345 1551 nimio
360 1490 464 1551 satiust
478 1490 534 1550 iam
550 1508 638 1569 quam
653 1491 759 1551 vivere.

134 1575 297 1654 magistron
314 1592 492 1654 quemquam
506 1574 681 1654 discipulum
697 1572 880 1636 minitarier?

137 1659 190 1737 [nil
204 1677 305 1721 morer
319 1658 478 1738 discipulos
493 1659 564 1720 mihi
580 1659 636 1720 iam
652 1659 758 1739 plenos
772 1659 940 1738 sauguinis:

135 1744 236 1805 valens
252 1743 371 1804 afflictat
384 1762 432 1804 me
447 1744 576 1804 vacivom
592 1744 718 1820 virium]

137 1828 214 1889 Prsr.
243 1828 335 1902 Fiam,
351 1837 384 1889 ut
398 1847 454 1908 ego
469 1828 586 1907 opinor,
602 1828 753 1902 Hercules,
768 1836 799 1889 tu
815 1835 912 1888 autem
928 1827 1029 1888 Linus.
1103 1835 1145 1888 155

136 1912 207 1973 Lrn.
238 1913 291 1973 Pol
305 1922 405 1974 metuo
420 1914 521 1992 magis,
538 1931 577 1974 ne
592 1913 724 1974 Phoenix
740 1912 798 1973 tuis
813 1912 896 1974 lactis
912 1913 990 1973 luam

138 2006 227 2074 teque
241 1997 276 2055 ad
293 2005 406 2075 patrem
422 2016 486 2058 esse
501 2007 650 2058 mortuom
665 1997 844 2058 renuntiem.
865 2052 867 2056 .

138 2081 214 2141 Pisa.
244 2081 319 2141 Satis
334 2081 558 2141 historiarumst.
602 2082 672 2141 lun.
701 2081 756 2142 llic
770 2080 865 2142 vereri
880 2079 1014 2160 perdidit.
1029 2113 1074 2125 —

139 2163 348 2242 compendium
362 2162 467 2243 edepol
482 2164 560 2224 haud
575 2165 661 2225 aetati
676 2165 804 2243 optabile

138 2248 242 2321 fecisti,
259 2266 348 2326 quom
364 2248 458 2310 istanc
472 2249 609 2310 nanctu's
623 2249 836 2328 inpudentiam.
852 2283 893 2294 —
1105 2257 1149 2308 111

140 2333 254 2395 occisus
269 2332 317 2393 bic
330 2333 457 2395 homost.
473 2367 513 2378 -
529 2333 634 2412 ecquid
649 2334 680 2395 in
696 2341 855 2395 mentemst
868 2333 921 2394 tibi

139 2428 253 2496 patrem
269 2416 322 2477 tibi
338 2416 423 2479 esse‘l
453 2419 529 2479 Pisa.
552 2417 618 2479 Tibi
633 2437 688 2498 ego
704 2437 739 2479 an
757 2427 788 2479 tu
805 2418 876 2479 mihi
891 2435 991 2479 servos
1006 2414 1061 2478 es?

140 2502 209 2562 Lm.
242 2502 328 2562 Peior
342 2503 480 2582 magister
491 2512 520 2564 te
535 2503 626 2565 istaec
641 2502 749 2573 docuit,
765 2520 827 2563 non
844 2521 909 2580 ego.

141 2587 232 2646 nimio
248 2605 279 2646 es
294 2595 326 2648 tu
341 2588 377 2647 ad
392 2587 461 2649 istas
477 2606 525 2648 res
540 2587 699 2666 discipulus
714 2587 846 2659 docilior,

141 2689 229 2747 quam
243 2670 279 2731 ad
293 2670 341 2732 illa
357 2690 432 2749 quae
447 2681 477 2732 te
492 2671 589 2746 docui,
605 2671 656 2733 ubi
672 2689 791 2750 operam
808 2670 930 2750 perdidi.
1106 2677 1150 2728 165

147 2923 195 2973 140
212 2921 285 2983 haec]
304 2919 418 2986 ephebus
433 2921 566 2971 Vablcnus
578 2922 666 2972 Herm.
676 2923 716 2986 15,
726 2921 777 2973 250
845 2922 967 2974 14144114
980 2920 1024 2971 01)
1093 2917 1150 2969 *in-

80 2991 119 3039 lus
132 2986 194 3038 fiant
207 2991 233 3038 et
245 3003 267 3038 c.
276 3001 298 3037 a.
309 2986 351 3037 bie
360 3000 383 3036 a.
453 2986 586 3037 accumbet
598 2987 621 3036 B
691 2990 739 3039 142
752 2987 870 3056 *praesto
883 2988 940 3039 ibus
952 2987 1015 3050 illic]
1028 3001 1149 3053 praesen-

77 3054 147 3106 tibus
163 3055 216 3106 lllis
233 3055 301 3117 (ibus
319 3052 450 3118 Scaliger)
518 3053 572 3116 *11]
590 3069 639 3105 une
658 3058 686 3105 ut
704 3055 755 3119 BC,
774 3071 849 3107 unam
867 3060 895 3107 nt
909 3056 934 3104 ll
1004 3055 1051 3107 143
1072 3069 1150 3120 opso-

77 3126 137 3173 natu
156 3125 196 3174 441
212 3121 237 3171 B
323 3122 490 3173 1444441141
513 3119 558 3184 (cf.
583 3123 654 3173 titul.
672 3125 751 3175 iuml.
769 3123 811 3187 24,
830 3125 861 3186 4,·
880 3123 921 3188 25,
940 3126 954 3175 1
973 3123 1081 3185 Bacch.)

80 3192 127 3243 145
146 3189 247 3242 tuncB
317 3191 365 3241 146
382 3188 406 3239 *ἰ
426 3193 452 3240 tu
471 3189 585 3253 horsum]
603 3191 685 3242 iturus
702 3206 758 3242 sum
777 3189 997 3254 (0111304040.
1016 3190 1064 3241 175
1071 3207 1082 3251 ,·
1097 3204 1150 3253 po-

79 3260 132 3307 tuit
147 3258 155 3308 i
175 3271 299 3324 prorsum,
317 3255 352 3317 cf.
370 3256 427 3307 Mil.
446 3257 513 3309 1193
529 3259 600 3310 Pera.
613 3257 663 3309 677
682 3259 772 3310 Pseud.
785 3260 836 3310 955
842 3278 852 3321 ,·
869 3273 968 3310 rursum
986 3257 1083 3307 inutile
1100 3259 1151 3320 est)

80 3327 127 3376 149
147 3325 190 3376 ubi
208 3339 236 3376 es
253 3338 320 3376 nunc
333 3325 508 3388 Hermonem]
526 3325 569 3376 ubi
588 3341 655 3376 nunc
667 3340 695 3378 44
765 3328 813 3378 150
831 3327 891 3377 vivo
909 3325 1029 3390 Scaliger
1098 3323 1150 3375 iam

78 3392 156 3442 nimio
174 3391 339 3453 0114414044]
357 3391 435 3443 nimio
448 3392 497 3443 iam
566 3409 670 3443 varrum
688 3393 736 3446 del.
751 3391 916 3457 Ilitccheliua,
933 3393 1096 3444 adulteram
1108 3409 1153 3442 rc-

79 3461 227 3510 ccnaionem
244 3459 350 3510 rettulit
370 3459 513 3522 Taull'cliua
532 3460 564 3511 Μ.
582 3459 630 3511 lllt.
648 3461 690 3525 30,
707 3461 758 3514 318
828 3463 875 3514 153
895 3476 992 3512 morum
1013 3459 1038 3525 C,
1056 3474 1114 3510 mor
1126 3461 1153 3510 D

79 3525 298 3589 *iam1esseiam
317 3526 364 3592 (cf.
383 3528 459 3579 Most.
478 3529 536 3592 746)
608 3530 852 3594 1531540111434.
871 3529 907 3580 ad
919 3527 968 3580 152
984 3526 1030 3591 (cf.
1048 3528 1153 3578 Bruch-

78 3609 193 3644 manuus
206 3609 236 3659 p.
255 3596 313 3659 116)
393 3598 439 3648 153
459 3596 555 3647 allictat
573 3597 604 3658 B,
622 3595 737 3648 afflectat
755 3596 800 3662 0¹,
817 3596 925 3648 41014141
943 3595 1083 3646 Acidaliae

78 3676 187 3713 vacuum
206 3662 250 3713 CD
321 3666 369 3716 155
386 3668 425 3727 ut]
443 3668 472 3715 ut
489 3668 515 3714 et
534 3664 622 3728 cup.
641 3681 663 3717 4.
681 3664 744 3728 utel)
821 3667 868 3716 151
887 3668 1028 3715 emortuum
1045 3662 1082 3712 B¹

81 3731 130 3782 159
148 3730 308 3795 compedium
326 3730 371 3782 BC
457 3733 505 3783 160
522 3737 585 3783 ante
602 3736 693 3784 nactus
711 3747 779 3782 cras.
797 3731 1046 3797 inpudentiamaclus
1063 3730 1087 3780 B
1104 3729 1153 3792 (cr.

16 3836 21 3846 .
78 3796 287 3864 0444144414.)
357 3801 403 3851 161
423 3802 508 3850 mente
527 3802 567 3851 441
585 3800 629 3852 OD
708 3800 918 3862 1624104110
995 3800 1044 3850 164
1060 3791 1154 3851 ‘nimio

79 3859 206 3915 dociliter’
228 3866 346 3918 Ginai-isio?
363 3866 501 3917 Bobiemia
517 3867 587 3932 (208)
656 3867 734 3919 nimio
753 3870 819 3919 testu
838 3867 873 3917 Β1
