2544 4364
100 151 140 208 88
572 149 692 203 Pnnvrr
1033 169 1168 219 vave-vv

99 323 173 386 Dru.
203 324 262 386 lam
276 325 410 398 ohsccro,
421 342 506 388 uxor.
549 324 620 386 Aur.
643 325 730 386 Nunc
742 343 862 386 uxorem
874 342 921 386 me
932 344 996 388 esse
1006 326 1167 389 meministi

98 495 196 569 modo,
213 514 303 575 quom
318 497 394 558 dicta
409 497 439 558 in
452 419 682 575 tlpppdgmbas’
698 495 807 570 odium,
824 514 885 557 non
899 514 976 556 uxor
990 513 1080 558 eram.

98 580 172 642 llsn.
203 581 296 643 Totus
310 582 393 662 perii.
438 584 509 642 Arar.
527 581 617 727 YQuid
632 578 774 642 tandem?
795 581 892 642 anima
912 583 1043 642 foetetne
1065 583 1166 644 uxoris

97 750 171 812 llnn.
202 750 332 813 Murram
348 752 415 814 olet.
451 675 530 896 {llll
560 752 620 812 lam
634 750 816 831 subrupuisti
833 751 949 831 pallam,
965 769 1051 831 quam
1063 761 1164 814 soomo

98 921 176 981 Puri.
203 920 327 982 Ecastor
341 923 389 1000 qui
406 834 620 1001 subm-um
634 922 741 1002 pallam
756 921 891 1002 promisit
905 920 968 983 tibi.
1121 933 1165 984 aaa

97 1007 171 1067 Dnn.
194 1006 260 1067 Non
273 1004 373 1068 taces?
416 1007 572 1153 Aqupufflgo
585 1007 797 1082 dissuadebam,
808 1017 911 1068 mater.
955 1007 1026 1070 Aur.
1049 1007 1163 1068 Bellum

95 1176 235 1238 istoscine
250 1185 364 1256 patrem
380 1186 533 1256 aequomst
544 1137 644 1238 mores
659 1177 759 1238 liberis
775 1174 932 1256 largirier?

98 1262 178 1322 nilne
192 1268 222 1322 te
236 1259 347 1341 pudet?
390 1263 464 1323 Dnn.
494 1262 562 1338 Pol,
578 1263 602 1324 si
617 1262 694 1323 alind
711 1262 752 1324 nil
768 1263 814 1336 sit,
831 1263 872 1323 tui
888 1280 945 1336 me,
961 1279 1045 1336 uxor,
1061 1264 1163 1343 pudet.

96 1347 166 1407 Aac.
197 1347 276 1409 Cano
293 1347 387 1427 eapite
401 1355 430 1409 te
445 1349 583 1410 cuculum
604 1367 680 1410 uxor
694 1367 730 1408 ex
744 1348 844 1409 lustris
859 1347 945 1427 rapit.

95 1432 170 1493 llsu.
200 1433 266 1494 Non
282 1432 351 1494 licet
365 1451 484 1495 manere
499 1437 585 1511 (cena
600 1433 748 1512 coquitur)
764 1433 833 1493 dum
849 1451 952 1494 cenem
967 1431 1078 1493 modo?
1120 1445 1164 1494 aaa

95 1517 166 1578 Anu.
196 1518 318 1580 Ecastor
333 1519 452 1580 cenabis
467 1520 562 1594 hodie,
578 1527 611 1581 ut
625 1519 732 1598 dignus
747 1537 787 1593 es,
803 1536 942 1596 magnum
957 1518 1075 1578 malum.

95 1602 170 1664 Dnn.
201 1603 275 1664 llale
290 1604 502 1666 cubandumst:
518 1604 677 1666 indicatum
692 1623 739 1666 me
755 1622 829 1664 uxor
842 1604 960 1665 abducit
974 1605 1103 1664 domum.

95 1687 166 1747 Ano.
197 1688 345 1763 Dicebam,
361 1699 454 1770 pater,
470 1689 533 1764 tibi,
549 1708 588 1750 ne
603 1690 688 1750 matri
704 1689 875 1751 consuleres
890 1690 976 1750 male.

95 1772 174 1833 Pmn.
205 1773 247 1834 lle
268 1775 343 1854 palla
365 1784 529 1849 memento,
550 1775 663 1905 arpabo.
707 1775 781 1836 llnn.
810 1774 903 1836 luben
926 1775 1002 1836 hanc
1024 1773 1094 1835 hinc
1109 1775 1163 1835 ab·

94 1943 165 2002 Aur.
195 1943 348 2006 ldomnm.
392 1862 658 2007 l'nvrsfelilgrgauium
671 1946 755 2006 etiam
768 1945 850 2025 prius
861 1963 947 2024 quam
960 1944 1054 2006 abitis.
1086 1946 1162 2007 llnn.

449 2032 507 2092 lin
524 2049 651 2092 crucem.
1119 2042 1164 2093 940

93 2112 174 2174 Pnrn.
204 2113 295 2176 lmmo
310 2114 332 2194 †
347 2116 427 2178 intus
440 2117 548 2196 potius.
577 2133 702 2195 sequere
718 2116 772 2176 hac
796 2134 858 2190 me,
878 2116 918 2176 mi
937 2115 1042 2176 anime.
1087 2116 1162 2177 Ano.

446 2201 508 2281 Ego
526 2218 593 2261 vero
609 2219 726 2279 sequor.

568 2506 690 2567 GREX

96 2624 150 2686 llic
164 2644 254 2687 senex
268 2624 292 2687 si
308 2625 379 2704 quid
395 2626 468 2686 clam
484 2645 607 2687 uxorem
623 2646 678 2688 suo
693 2625 792 2687 animo
808 2625 877 2686 lecit
891 2625 989 2707 volup,

94 2729 191 2789 neque
207 2729 314 2771 novom
331 2729 427 2789 neque
442 2712 548 2771 mirum
564 2711 634 2773 lecit
648 2730 704 2773 nec
719 2729 805 2773 secus
821 2729 908 2790 quam
924 2711 971 2772 alii
986 2711 1099 2788 solent;

94 2814 151 2856 nec
167 2795 350 2874 quisquamst
366 2804 425 2855 tam
441 2796 560 2875 ingenio
576 2796 651 2857 duro
667 2816 723 2857 neo
739 2804 798 2857 tam
810 2798 895 2857 firmo
910 2806 1042 2876 pectore,

93 2880 164 2959 quin
181 2880 232 2941 ubi
248 2881 375 2959 quicque
391 2881 553 2942 occasionis
569 2882 606 2942 sit
620 2881 675 2943 sibi
691 2881 777 2943 faciat
792 2881 878 2943 bene.
1120 2893 1165 2943 945

93 2985 175 3027 nunc
190 2966 214 3027 si
229 2966 313 3027 voltis
328 2964 479 3046 deprecari
495 2967 565 3027 huic
580 2967 645 3028 seni
661 2985 698 3028 ne
714 2967 841 3047 vapulet,

94 3069 194 3113 remur
206 3051 354 3132 impetrari
370 3070 467 3131 posse,
483 3052 618 3132 plausum
634 3052 658 3114 si
675 3052 785 3114 clarum
802 3052 884 3114 datis.

817 3166 940 3172 ——.„.‡..
1000 3163 1165 3171 m—

179 3225 229 3277 930
246 3224 403 3290 Argyrippo
422 3222 510 3287 codd„
534 3224 671 3275 Philaenio
689 3224 763 3274 dedit
778 3226 878 3275 Parcus
963 3225 1013 3276 932
1031 3229 1168 3290 aequomst

93 3291 310 3358 morestladcs]
329 3305 438 3359 aequum
456 3305 538 3343 moros
557 3296 597 3344 est
666 3292 869 3344 9339191414ιι
937 3295 987 3344 934
1004 3291 1083 3354 [hine]
1103 3309 1169 3344 nxor

94 3360 140 3412 LG
209 3362 258 3413 936
277 3359 369 3425 dignus
387 3374 415 3411 cs
432 3359 571 3424 Gruterus]
589 3359 692 3426 dignum
711 3364 751 3412 est
820 3362 867 3412 937
887 3359 1104 3422 abducit‘Doaca]
1124 3362 1168 3412 ad·

94 3426 165 3479 ducit
183 3428 267 3492 codd,
286 3427 356 3480 ducit
365 3427 470 3480 Nonius
539 3431 596 3481 949.
607 3431 655 3482 944
669 3431 775 3479 inverso
789 3428 882 3479 ordina
894 3428 978 3493 codd,
991 3444 1060 3480 corr.
1071 3428 1168 3480 Fleck-

94 3499 198 3546 eisemts
266 3497 315 3549 949
333 3495 456 3549 idomum
475 3511 525 3548 om.
542 3497 576 3547 13¹
646 3498 722 3548 abitis
742 3496 897 3564 Seyffertuc]
917 3496 981 3547 abiis
999 3496 1055 3560 BD,
1074 3497 1130 3549 abis
1143 3499 1168 3548 E

94 3567 142 3617 941
162 3563 240 3627 intus]
258 3563 284 3613 in
302 3564 395 3616 lectum
414 3564 587 3632 Niomcpemcs
605 3566 621 3617 l.
639 3583 660 3617 s.
677 3565 720 3628 43,
738 3569 766 3616 tu
784 3565 833 3616 ibis
851 3565 999 3664 Scpffartus
1101 3563 1166 3620 Ano.

94 3633 216 3696 Botulus]
234 3631 298 3684 llnnr.
376 3636 426 3686 942
444 3648 522 3685 uxore
539 3633 574 3684 13²
643 3649 714 3685 suam
733 3632 839 3685 Nonium
856 3634 881 3684 u
960 3633 1040 3700 volup
1058 3632 1167 3686 Nonius

96 3702 220 3763 testatur]
237 3700 379 3768 voluptatis
441 3704 490 3754 945
508 3716 609 3780 quaque
627 3703 649 3752 Β
710 3703 759 3753 946
778 3700 907 3819 deprecari
926 3701 1002 3753 voltis
1020 3700 1167 3753 Muellerum

95 3770 144 3887 {lg
163 3768 280 3887 plansme
299 3769 321 3821 si
338 3769 482 3833 Bontlaiaa]
501 3784 522 3820 si
540 3770 656 3834 plausum
676 3769 713 3821 sic
824 3784 898 3820 csvrr
916 3784 1030 3821 lsrvanm
1048 3785 1165 3823 nunninus

143 3873 151 3900 ,
169 3853 219 3891 om.

534 3909 733 3917 ...η-ιω*-
