2544 4364
51 170 97 221 13,
105 170 188 217 61-87.
517 151 670 205 asturius

54 325 220 405 fugiebam,
237 342 334 402 neque
351 323 452 384 conari
468 324 497 384 id
513 326 609 386 lacere
625 324 776 386 audebatis
792 324 882 404 prius.

54 429 137 472 nunc
154 428 252 488 neque
266 408 336 487 quid
353 408 437 469 velim
454 427 551 489 neque
568 411 658 471 nolim
675 409 768 471 facitis
784 410 893 489 magni,
908 428 1073 488 pessumae.

56 496 180 557 Cinara.
203 495 269 555 Non
281 501 313 554 tu
325 491 402 555 scis?
418 493 467 554 hic
481 503 582 556 noster
594 504 735 574 quaestus
747 495 854 574 aucupi
867 494 1063 556 simillumust.
1086 503 1128 554 215

55 599 164 660 auceps
180 579 298 659 quando
314 578 504 640 concinnavit
517 597 625 654 aream,
642 579 769 640 offundit
783 579 895 654 cibnm3

54 670 123 726 aves
137 665 330 726 adsuescunt:
354 667 503 726 necessest
517 666 613 725 lacere
628 670 779 744 sumptum
799 664 850 744 qui
867 668 981 743 quaerit
996 663 1128 737 lucrum3

55 769 144 830 saepe
159 751 264 824 edunt:
280 749 371 810 semel
387 748 410 809 si
426 759 529 828 captae
544 759 623 824 sunt,
640 768 702 810 rem
718 750 837 810 solvont
851 749 968 828 aucupi.

56 835 157 895 itidem
174 834 222 895 lric
237 834 314 914 apud
332 852 401 894 nos:
418 834 497 895 aedis
514 833 600 895 nobis
616 844 720 909 areast,
736 853 845 914 auceps
860 852 927 896 sum
941 852 1007 913 ego,
1086 843 1130 893 220

56 927 152 981 escast
165 918 314 993 meretrix,
330 918 424 980 lectus
439 919 518 979 inlex
535 928 587 991 est,
603 928 748 980 amatores
763 939 842 995 avos;

56 1003 135 1065 bene
150 1004 302 1066 salutando
320 1012 530 1076 consuescunt,
547 1004 752 1083 compellando
768 1004 925 1077 blanditer,

57 1089 230 1162 osculando,
254 1087 388 1149 oratione
403 1087 533 1160 vinnula,
549 1088 712 1150 venustula.

57 1173 82 1234 si
97 1174 234 1253 papillam
251 1172 446 1252 pertractavit,
464 1172 540 1233 haud
557 1181 602 1235 est
616 1173 652 1233 ab
669 1192 701 1233 re
717 1173 853 1252 aucupis3

56 1258 167 1320 savium
183 1259 208 1320 si
223 1257 357 1337 sumpsit,
372 1274 489 1318 sumere
505 1276 573 1317 eum
588 1258 657 1319 licet
671 1258 735 1319 sine
752 1257 872 1318 retibus.
1089 1265 1132 1314 225

58 1343 182 1404 haecine
197 1352 226 1404 te
242 1361 306 1403 esse
322 1340 454 1416 oblitum,
471 1343 500 1402 in
517 1342 587 1402 ludo
604 1343 653 1420 qui
670 1342 750 1403 luisti
766 1351 823 1402 tam
841 1338 913 1402 diu?

58 1429 167 1488 Auara.
204 1428 267 1488 Tua
290 1426 344 1487 ista
367 1426 490 1506 culpast,
513 1445 587 1504 quae
611 1426 788 1506 discipulum
806 1425 998 1487 semidoctum
1027 1423 1130 1485 abste

415 1529 540 1572 amoves.

60 1594 184 1656 Casina.
214 1594 354 1656 Remeato
371 1596 517 1671 audacter,
534 1596 700 1657 mercedem
716 1596 739 1657 si
756 1595 814 1656 eris
837 1602 955 1656 nactus:
979 1612 1059 1654 nunc
1075 1592 1130 1653 abi.

59 1679 168 1739 dncvn.
199 1680 293 1753 Mane,
310 1699 406 1754 mane,
422 1680 499 1741 audi.
528 1680 584 1754 dic,
602 1680 672 1759 quid
688 1699 734 1741 me
750 1698 876 1759 aequom
893 1698 997 1741 censes
1012 1696 1067 1758 pro
1084 1677 1131 1738 illa

10 1834 14 1843 .
418 1763 469 1824 tibi
486 1765 564 1840 dare,

60 1867 173 1910 annum
194 1849 276 1910 hunc
292 1867 330 1909 ne
345 1867 412 1909 cum
429 1849 568 1927 quiquam
588 1849 644 1909 alio
660 1846 719 1910 sit?
763 1849 887 1910 Casina.
911 1846 1014 1910 Tene?
1029 1846 1132 1928 viginti

417 1933 528 2010 minas3
1091 1942 1133 1992 230

60 2025 149 2096 atque
165 2035 199 2077 ea
213 2016 293 2096 lege:
316 2017 339 2077 si
355 2017 429 2079 alius
444 2019 478 2079 ad
494 2036 542 2079 me
556 2019 639 2097 prius
655 2018 794 2092 attulerit,
809 2026 841 2078 tu
857 2018 927 2078 vale.

60 2100 169 2161 Anava.
185 2101 222 2161 At
234 2120 288 2181 ego
301 2111 346 2164 est
357 2102 443 2163 etiam
456 2103 539 2182 prius
552 2121 638 2181 quam
652 2102 715 2164 abis
727 2103 804 2182 quod
816 2102 882 2164 volo
894 2102 984 2181 loqui.
1008 2102 1131 2163 Cnvnnn.

418 2187 670 2266 Dicquodlubet.
1088 2216 1093 2227 .
1138 2248 1142 2252 .

61 2269 170 2330 Anava.
200 2270 266 2331 Non
283 2271 405 2332 omnino
421 2272 478 2333 iarn
494 2273 577 2352 perii,
601 2281 645 2334 est
660 2272 804 2334 relicuom
824 2292 882 2352 quo
898 2290 1017 2353 peream
1033 2271 1133 2350 magis.

61 2353 157 2416 habeo
173 2355 252 2415 unde
267 2355 342 2417 istuc
357 2355 411 2416 tibi
427 2358 506 2435 quod
522 2357 620 2436 poscis
635 2357 716 2433 dem3
732 2359 782 2419 sed
799 2356 829 2418 in
845 2358 925 2435 leges
940 2375 1020 2419 meas

62 2439 148 2512 dabo,
160 2439 205 2500 uti
215 2438 292 2500 scire
303 2441 408 2521 possis,
425 2451 600 2521 perpetuom
612 2460 722 2502 annum
735 2442 815 2503 hunc
826 2442 898 2503 milri
911 2442 953 2502 uti
965 2440 1071 2503 serviat
1092 2449 1134 2500 235

63 2542 120 2584 nec
134 2542 312 2603 quemquam
336 2525 447 2586 interea
470 2526 559 2587 alium
574 2526 706 2586 admittat
727 2544 850 2606 prorsus
872 2543 959 2606 quam
982 2543 1029 2585 me
1051 2523 1133 2585 adse

420 2629 522 2670 virum.

64 2691 188 2754 Cnnsnn.
219 2692 309 2766 Quin,
325 2694 349 2755 si
364 2702 395 2754 tu
412 2694 500 2768 voles,
516 2695 595 2756 domi
611 2695 685 2756 servi
702 2695 752 2773 qui
768 2702 838 2756 sunt
853 2694 987 2756 castrabo
1003 2694 1091 2755 viros.

63 2786 215 2856 postremo
231 2785 263 2837 ut
277 2778 357 2839 voles
373 2798 428 2840 nos
444 2798 517 2853 esso,
533 2780 728 2860 syngrapham
745 2779 832 2840 lacito
848 2781 977 2855 adseras3

62 2868 97 2923 ut
112 2860 200 2935 voles,
216 2871 249 2923 ut
263 2862 317 2923 tibi
333 2863 454 2938 lubebit,
472 2865 557 2926 nobis
573 2865 667 2944 legem
683 2864 833 2944 inponito:
900 2938 903 2943 .

61 2945 152 3006 modo
167 2955 265 3007 tecum
281 2966 340 3008 una
355 2957 509 3029 argentum
527 2950 649 3022 adferto,
665 2950 749 3010 facile
765 2949 859 3028 patiar
873 2958 979 3011 cetera.
1093 2958 1136 3008 240

151 3217 200 3269 213
219 3216 335 3267 coronari
348 3217 411 3267 D¹E
480 3219 529 3271 216
548 3217 692 3269 concinavit
761 3219 808 3268 217
828 3230 889 3267 aves
911 3231 1014 3267 uersum
1032 3217 1079 3280 qui
1096 3218 1137 3266 in·

63 3283 206 3334 tereidarit
217 3285 373 3335 terminasse
385 3287 497 3336 coniecit
508 3284 703 3345 Fleckeiseaus,
717 3284 813 3335 deleuit
824 3283 946 3345 Ileiaius,·
964 3283 1042 3334 *aves
1058 3282 1137 3334 edunt

64 3352 116 3403 219
134 3354 224 3416 captae
241 3355 302 3403 sunt
315 3351 454 3415 Gruterus]
473 3357 533 3404 sunt
552 3356 642 3420 captae
711 3354 760 3405 220
773 3352 882 3404 ititidem
897 3351 943 3400 BD
1013 3352 1063 3403 224
1080 3367 1136 3418 per-

64 3418 186 3470 tractabit
203 3419 287 3484 codd,
305 3435 376 3472 corr.
395 3419 564 3471 Camerarius
660 3419 728 3471 baud
747 3420 791 3483 [id]
811 3420 981 3472 Camerarius
1075 3424 1138 3484 posi

65 3487 116 3537 225
133 3487 299 3538 intercidisse
316 3488 423 3538 uidetur
440 3490 503 3539 talis
520 3491 665 3539 sententiaa
683 3489 842 3539 versiculus:
864 3487 904 3538 sin
926 3486 1030 3539 ductare
1048 3493 1137 3554 postu·

63 3553 137 3617 lavit,
155 3554 236 3620 tangit
254 3554 348 3620 viscus,
366 3561 457 3622 captus
475 3559 514 3608 est
584 3558 633 3608 230
652 3571 683 3607 ne
702 3555 735 3607 sit
754 3570 810 3607 oum
835 3555 957 3622 quiquam
975 3554 1026 3606 alio
1044 3555 1137 3606 Fleck-

63 3623 169 3672 eiseaus
246 3626 307 3674 tune
325 3624 410 3688 codd,
428 3641 497 3676 corr.
517 3623 686 3675 Camerarius
764 3625 813 3676 233
831 3623 956 3689 reliquum
1026 3622 1096 3689 quod
1114 3623 1138 3672 Ε

63 3705 158 3741 uersus
175 3689 243 3740 male
259 3690 412 3742 modulatus
430 3689 475 3756 (of.
488 3692 601 3743 Briuius
614 3691 660 3742 LG
674 3688 760 3756 praefi
775 3690 862 3742 XXVI
866 3709 876 3752 ,·
893 3688 1049 3741 llibbeolu'us
1064 3706 1091 3756 p.
1104 3691 1137 3743 61

64 3756 138 3822 adm,
156 3773 208 3823 quo
227 3758 294 3808 duce
310 3761 481 3811 semicano.
500 3760 571 3825 perii,
589 3764 628 3811 est
645 3775 665 3811 r.
679 3759 755 3810 etiam
774 3775 798 3825 q.
810 3775 833 3826 p.
843 3758 887 3822 m.)
957 3759 1005 3809 235
1025 3757 1092 3811 dabo
1110 3761 1138 3809 ut

65 3826 117 3944 ἓξὲξ
135 3825 309 3945 pppprppphpp
327 3824 373 3889 (of.
391 3828 434 3879 IV
448 3829 479 3889 l,·
498 3828 571 3894 Capi.
584 3826 713 3889 450.507)
731 3828 811 3891 uulgo
828 3829 888 3892 post
905 3824 1070 3876 Saracaaum
