2544 4364
125 167 164 226 26
601 170 723 225 rusum

166 352 195 405 et
208 344 285 424 apud
301 351 330 405 te
345 343 449 404 adsum
464 343 547 406 Sosia
562 343 649 405 idem.

165 430 241 491 satin
257 430 314 490 hoc
329 429 426 508 plane,
443 429 518 490 satin
536 427 644 490 diserte
660 449 733 506 esse,

166 532 226 585 ere,
242 534 324 575 nunc
338 514 441 575 videor
455 512 510 575 tibi
524 512 664 576 locutus?

166 601 258 661 Α-ιιιιι.
288 599 359 673 Vah,
375 603 467 679 dpage
481 606 511 660 te
527 617 543 659 a
557 617 614 660 me.
659 600 724 661 Sos.
755 599 833 670 Quid
848 607 893 660 est
907 599 1029 679 negoti?
1121 647 1124 655 .
1155 613 1200 664 599

166 685 258 746 Auru.
284 684 378 746 Pestis
392 693 422 745 tc
437 691 528 745 tenet.
574 684 637 745 Sos.
667 685 741 745 llam
757 702 834 762 quor
848 684 923 746 istuc

166 767 258 831 dicis?
280 770 416 848 equidem
431 769 513 830 valeo
530 776 560 830 et
574 769 667 831 salvos

165 873 231 917 sum
246 864 336 915 recte.
380 853 472 914 Auos.
502 854 540 914 At
555 862 583 914 te
599 861 654 932 ego
670 854 773 916 faciam
788 854 886 930 hodic,

166 938 293 1019 proinde
303 949 343 999 'ac
357 939 498 1014 meritus,

165 1032 200 1086 ut
215 1023 314 1085 minus
329 1024 424 1086 valeas
439 1033 469 1084 et
483 1025 573 1086 miser
587 1025 638 1096 sis,

166 1109 261 1171 salros
275 1108 396 1170 domum
411 1109 436 1170 si
451 1110 577 1170 rediero.

124 1198 249 1273 sequere
264 1194 313 1267 sis,
328 1212 412 1255 erum
428 1198 478 1272 qut
493 1193 627 1255 ludificas
642 1193 728 1254 dictis
743 1192 945 1267 delirantibus,
1108 1194 1110 1197 ’
1157 1205 1201 1256 555

125 1278 331 1358 quiquoniam
347 1297 415 1339 erus
430 1279 510 1357 quod
524 1279 679 1358 imperavit
694 1277 847 1357 neglexisti
861 1277 1010 1357 persequi,

125 1382 208 1425 nunc
224 1363 305 1425 venis
319 1364 406 1425 etiam
421 1363 500 1425 ultro
515 1364 642 1425 inrisum
656 1363 825 1439 dominum;
843 1380 917 1441 quae
931 1381 1030 1442 neque
1045 1363 1122 1425 fieri.

124 1454 250 1528 possunt
262 1448 460 1527 nequelando
470 1467 611 1528 umquam
619 1448 733 1527 accepit
744 1448 899 1528 quisquam
907 1449 1034 1527 profers,
1043 1451 1199 1512 carnulex:

125 1533 233 1612 quoius
248 1553 303 1613 ego
318 1535 406 1594 hodie
421 1533 452 1594 in
468 1542 585 1612 tergum
600 1535 666 1595 laxo
681 1534 736 1594 ista
752 1540 892 1612 expetant
905 1533 1066 1594 mendacia.

126 1617 190 1680 Sos.
220 1618 406 1696 Amphitruo,
422 1619 596 1680 miserruma
611 1619 701 1680 istaec
716 1617 862 1679 miseriast
875 1635 960 1679 servo
976 1617 1066 1694 bono,
1129 1666 1131 1673 .
1157 1629 1201 1680 599

125 1703 203 1783 apud
218 1722 303 1764 erum
319 1703 370 1782 qui
385 1721 452 1764 vera
466 1703 608 1782 loquitur,
624 1703 649 1765 si
663 1704 693 1764 id
707 1703 734 1763 vi
750 1720 852 1763 verum
866 1702 1003 1764 vincitur.

125 1787 217 1849 Auos.
248 1786 314 1858 Quo
336 1788 380 1861 id,
402 1788 525 1863 malum,
547 1797 633 1868 pacto
655 1796 753 1869 potest
775 1806 842 1849 nam
863 1790 992 1866 (mecum
1016 1789 1199 1866 argumentis

453 1875 512 1951 uta)

125 1959 200 2032 lieri,
216 1976 297 2019 nunc
312 1957 356 2017 uti
371 1965 462 2018 tut
420 1893 473 2040 [Et]
490 1958 576 2018 hic
553 1977 593 2019 sis
609 1967 639 2019 ct
653 1956 754 2018 domii
770 1958 799 2019 id
815 1957 873 2019 dici
888 1958 965 2018 volo

97 2005 200 2104 ls0s.
223 2041 294 2102 Sum
310 2043 444 2139 prefecto
460 2049 490 2103 et
504 2043 552 2103 hic
568 2051 598 2103 et
612 2042 663 2103 illi.
693 2043 750 2103 hoc
765 2041 881 2121 quoivis
896 2042 996 2103 mirari
988 2041 1087 2103 '.licet

126 2145 182 2188 nec
196 2144 266 2187 vcro
281 2127 357 2188 tibi
349 2135 425 2188 istuc
440 2128 549 2188 mirum
565 2127 656 2206 magis
671 2128 787 2188 videtur
802 2145 891 2206 quam
905 2127 986 2188 mihi.
1157 2138 1201 2188 595

126 2212 218 2272 Auru.
255 2208 455 2282 Quomodo?
506 2213 570 2274 Sos.
604 2212 718 2285 Nihilo
742 2213 879 2291 inquam,
901 2212 1123 2291 mirummagis
1146 2212 1215 2282 tibi¹

338 2343 341 2354 .
430 2297 507 2358 istuc
522 2315 610 2376 quam
625 2297 706 2358 mihi.

83 2393 99 2431 Χ
126 2400 234 2462 neque,
250 2381 288 2442 ita
304 2399 351 2442 me
366 2382 396 2443 di
410 2390 520 2456 ament,
536 2382 695 2443 credebam
709 2383 806 2462 primo
821 2381 956 2443 mihimet
970 2380 1080 2475 Sosiae,

127 2469 223 2529 donec
238 2467 320 2528 Sosia
336 2466 396 2528 illic
411 2475 530 2565 egomet
544 2467 613 2528 fecit
627 2466 684 2528 sihi
699 2467 743 2529 uti
758 2467 921 2529 crederem.

127 2553 232 2614 ordine
247 2571 346 2625 omne,
361 2553 405 2613 uti
420 2554 548 2632 quicque
563 2561 699 2627 actumst,
716 2553 784 2613 dum
800 2552 878 2630 apud
893 2552 993 2613 hostes
1007 2551 1147 2626 sedimus,

127 2636 317 2698 edissertavit.
297 2639 549 2698 ttumformam
565 2656 624 2699 una
640 2626 760 2700 abstulit
776 2656 842 2698 cum
859 2637 991 2698 nominc.
1106 2683 1108 2691 ,
1155 2646 1199 2696 599

126 2740 225 2800 neque
239 2720 284 2780 lac
299 2720 383 2782 lactis
397 2723 490 2800 magis
505 2731 550 2783 est
538 2722 666 2794 stimile‚
684 2741 773 2801 quam
789 2723 837 2783 ille
853 2741 908 2818 ego
924 2721 1040 2782 similist
1055 2720 1122 2782 mei.

126 2825 195 2868 nam
211 2814 244 2867 ut
259 2804 370 2866 dudum
385 2815 454 2866 ante
470 2807 566 2868 lucem
581 2824 597 2866 a
613 2815 703 2884 portu
718 2825 765 2866 me
781 2806 958 2886 praemisisti
974 2805 1095 2867 domum
1109 2839 1152 2850 -

125 2892 219 2952 Auos.
249 2889 326 2961 Quid
342 2889 454 2968 igitur?
499 2890 563 2951 Sos.
594 2891 679 2952 Prius
694 2890 787 2952 multo
803 2899 871 2952 ante
887 2891 967 2952 aedis
981 2890 1095 2953 stabam
1109 2908 1199 2969 quam

430 2975 481 3036 illo
497 2976 681 3037 adveneram.

124 3059 216 3122 Auen.
247 3059 335 3136 Quas,
352 3061 471 3136 malum,
488 3059 606 3140 nugas‘l
627 3062 702 3123 satin
720 3070 751 3122 tu
767 3058 927 3123 sanuses?
971 3061 1036 3121 Sos.
1067 3059 1115 3121 Sic
1133 3077 1199 3121 sum

430 3154 463 3208 ut
479 3145 566 3208 vides.

210 3344 259 3434 559
277 3380 372 3434 diserte
390 3395 499 3432 esse-
465 3380 618 3432 -locntus
635 3381 832 3445 Fleckeiseaes]
851 3379 998 3432 diserte-
1015 3378 1118 3430 locutus
1141 3392 1199 3430 esse

126 3451 173 3502 581
195 3462 242 3514 qur
259 3447 316 3512 BD,
334 3449 392 3516 quir
409 3449 434 3500 Β
517 3450 567 3501 582
585 3452 655 3499 recte
673 3448 816 3514 amphitrio.
842 3446 943 3498 ΑΜΡΗ.
961 3447 1046 3508 codd„
1064 3461 1134 3498 ew.
1153 3445 1201 3497 LG

125 3522 185 3568 ete
202 3515 387 3580 595515*
457 3519 507 3569 584
524 3516 622 3568 rediero
635 3516 764 3579 Hoiizius]
782 3515 904 3567 rediero'
898 3530 948 3566 ram
1019 3485 1200 3577 5855155Β,

124 3585 160 3636 sir
177 3585 202 3635 Β
271 3585 321 3636 589
340 3599 391 3650 quo
408 3585 449 3635 uis
466 3585 515 3636 ΒΒ
582 3588 655 3649 tergo
674 3585 759 3645 codd„
778 3600 849 3635 com·
860 3583 1003 3634 Acidaliae
1072 3585 1119 3634 591
1139 3596 1200 3634 vera

124 3653 248 3720 derdes]
261 3650 337 3703 rerba
407 3655 457 3705 592
470 3657 555 3721 potest
567 3651 681 3715 Nonius]
698 3657 773 3718 potes
840 3656 913 3718 putet
925 3651 1030 3703 Nonius
1099 3650 1200 3703 598511

123 3724 153 3772 iu
171 3724 197 3772 et
214 3719 358 3782 Lomondo]
377 3724 406 3770 nt
423 3725 451 3771 tu
521 3720 643 3773 59411115
711 3735 761 3771 cuu
778 3719 819 3771 uis
835 3719 874 3769 Β
891 3724 924 3770 et
939 3721 993 3771 oid.
1068 3720 1116 3780 595
1135 3717 1199 3769 *nec

123 3788 197 3853 vero]
215 3803 299 3854 neque
378 3787 488 3840 5981115
567 3790 616 3841 599
635 3786 750 3840 ordinem
768 3802 869 3838 omnem
886 3789 913 3837 D
986 3790 1015 3839 ul
1083 3785 1207 3865 quicum·-

125 3856 213 3923 ouell
281 3857 331 3909 600
348 3870 424 3974 uppm
437 3856 524 3907 BDE¹
592 3857 639 3908 691
660 3856 735 3907 lactis
747 3854 916 3918 1915595955]
933 3856 994 3907 lacti
1063 3852 1147 3906 simile
1160 3857 1200 3905 est

124 3924 175 3975 mei
243 3925 294 3977 694
312 3928 352 3977 est
395 3924 418 3974 Β
1032 3963 1035 3969 .
