2550 4350
94 157 140 208 11,
150 155 230 200 33-62
555 139 731 194 caecemus
1120 143 1179 202 133

99 323 263 395 penetrem
275 331 322 374 me
333 312 511 374 huiusmodi
524 312 553 373 in
567 313 750 393 palaestram,
768 313 818 375 ubi
832 314 945 376 damnis
957 313 1181 377 desudascitur?

101 399 170 478 [ubi
185 417 240 478 pro
256 398 338 459 disco
354 397 493 458 damnum
509 397 630 477 capiam,
646 416 701 478 pro
717 417 839 460 cursura
855 397 1014 475 dedecusi]

105 483 214 545 Bucen.
244 483 354 562 Lepide
369 500 524 545 memoras.
569 483 644 543 Prsr.
673 483 728 544 Vbi
750 501 804 562 ego
829 483 941 562 capiam
956 503 1011 563 pro
1028 486 1181 546 machaera

464 575 620 639 turturem,

102 652 230 732 [ubique
245 653 371 732 inponat
385 652 416 712 in
432 670 551 713 manum
566 651 639 712 alius
654 651 724 711 mihi
740 670 794 730 pro
811 660 908 713 caestu
925 652 1108 731 cantharum]
1153 665 1181 714 το

104 756 165 818 pro
180 737 261 819 galea
276 736 439 816 scaphium,
455 755 512 817 pro
526 736 636 815 insigni
651 736 689 797 sit
704 736 814 797 corolla
829 737 962 817 plectilis,

104 841 164 903 pro
179 824 261 885 basta
275 821 359 895 talos,
375 840 429 900 pro
443 821 533 882 lorica
548 822 692 883 malacum
708 822 821 900 capiam
835 822 964 901 pallium,

104 906 160 968 ubi
175 907 215 968 mi
232 926 285 987 pro
301 925 379 985 equo
395 907 488 968 lectus
503 906 598 981 detur,
615 915 745 968 scortum
761 925 815 987 pro
831 914 914 968 scuto
930 904 1075 968 accubet?

464 1012 480 1050 *
638 1013 654 1050 t
812 1013 828 1051 *

106 1077 214 1138 Bsecn.
244 1075 389 1154 Equidem
411 1076 463 1136 tibi
483 1076 520 1136 do
542 1076 619 1136 hanc
634 1094 763 1156 operam.
808 1075 883 1137 Prsr.
912 1076 957 1136 Ab
974 1076 1097 1137 nimium
1112 1094 1181 1156 pre·

467 1161 540 1221 tiosa
556 1179 587 1222 es
602 1161 746 1241 operaria.

107 1245 216 1307 Dsccn.
246 1244 388 1305 Simulato
405 1262 452 1305 me
468 1263 576 1306 amare.
619 1245 695 1306 Prsr.
722 1246 825 1307 Vtrum
841 1250 895 1324 ego
911 1246 987 1308 istuc
1001 1247 1088 1307 iooon
1105 1246 1181 1307 adsi·

466 1330 574 1391 mulern
590 1347 626 1390 an
642 1327 742 1391 serio?
1154 1340 1182 1390 ro

107 1414 217 1489 Brenn.
239 1414 320 1487 Heia,
333 1414 390 1476 hoc
401 1433 487 1494 agere
498 1414 624 1476 meliust.
654 1415 738 1476 miles
749 1433 839 1493 quom
850 1414 909 1476 buo
920 1415 1062 1488 adveniat,
1075 1423 1104 1476 te
1114 1413 1180 1475 volo

108 1519 158 1561 me
178 1499 345 1579 amplexari.
396 1499 473 1580 Prsr.
506 1498 584 1570 Quid
603 1519 638 1560 eo
661 1500 700 1560 mi
723 1496 832 1579 opust?
882 1499 987 1561 Bucen.
1018 1500 1055 1560 Vt
1079 1499 1126 1560 ille
1150 1507 1178 1559 te

463 1584 558 1645 videat
573 1584 648 1645 volo.
970 1633 973 1640 ,

108 1673 172 1730 soto
188 1669 258 1747 quid
274 1687 338 1746 ago.
384 1670 461 1731 Prsr.
484 1668 521 1729 Et
536 1669 656 1749 polege
671 1669 732 1730 scio
749 1669 819 1748 quid
834 1678 944 1731 metuo.
966 1671 1017 1731 sed
1033 1668 1104 1747 quid
1117 1665 1182 1730 ais?

465 1754 571 1815 Bacca.
601 1753 760 1825 Quidest‘?
1054 1771 1056 1776 ·

108 1837 188 1898 Prsr.
218 1837 295 1908 Quid
311 1837 335 1898 si
351 1839 428 1918 apud
444 1846 472 1899 te
489 1837 602 1899 eveniet
617 1838 751 1900 desubito
767 1837 923 1917 prandium
939 1847 989 1898 aut
1003 1839 1113 1918 potatio

109 1923 187 1983 forte
202 1930 254 1983 aut
268 1940 351 1996 cena,
368 1931 401 1985 ut
415 1923 490 1984 solet
505 1923 535 1983 in
551 1922 614 1984 istis
630 1923 693 1983 lieri
709 1922 921 1996 conciliabulis,
1151 1931 1180 1982 80

109 2005 162 2068 ubi
178 2025 232 2085 ego
248 2015 310 2068 tum
326 2005 490 2069 accubem?
534 2008 639 2068 Bicen.
669 1991 753 2088 Apud
770 2026 825 2080 me,
841 2007 881 2068 mi
897 2006 1005 2078 anime,
1020 2014 1053 2067 ut
1067 2006 1182 2086 lepidus

467 2111 534 2154 cum
550 2093 646 2173 lepida
660 2093 793 2154 accubet.

110 2178 195 2237 locus
210 2176 259 2238 hic
274 2178 351 2257 apud
368 2196 432 2251 nos,
448 2178 579 2257 quamvis
595 2177 691 2240 subito
708 2179 816 2251 venias,
832 2196 949 2259 semper
963 2176 1039 2237 liber
1055 2185 1108 2238 est.

110 2260 164 2322 dbi
179 2269 211 2322 tu
225 2262 322 2340 lepide
336 2262 416 2323 voles
431 2283 495 2324 esse
510 2263 573 2336 tibi,
585 2256 663 2323 ‘mea
679 2262 756 2324 rosa’
772 2263 842 2323 milri
857 2263 956 2335 dicito,

107 2341 190 2406 ‘dato
207 2347 256 2424 qui
272 2347 349 2407 bene
364 2341 427 2408 sit':
444 2367 497 2426 ego
513 2346 564 2407 ubi
580 2347 656 2408 bene
672 2347 710 2407 sit
725 2347 777 2408 tibi
792 2347 890 2407 locum
906 2344 1037 2425 lepidum
1055 2344 1138 2405 dabo.

110 2430 190 2491 Prsr.
220 2430 350 2511 Rapidus
365 2431 469 2492 fluvius
485 2440 529 2492 est
543 2431 601 2502 bio,
618 2451 679 2491 non
694 2431 748 2491 bac
763 2440 874 2492 temere
889 2429 1008 2491 transiri
1019 2437 1125 2508 potest.
1154 2438 1183 2489 85

110 2514 217 2575 Bucen.
247 2517 342 2594 Atque
363 2524 477 2577 ecastor
496 2517 573 2596 apud
594 2516 674 2575 hunc
696 2516 817 2576 fiuvium
837 2514 946 2593 aliquid
967 2513 1184 2592 perdundumst

467 2600 529 2661 tibi.
547 2635 586 2645 —

198 2800 229 2850 67
248 2805 377 2867 penetrem
403 2815 443 2851 mc
462 2800 612 2865 Vrsingirn]
634 2803 764 2867 penetrem
782 2802 905 2851 Donatus
926 2801 1030 2851 Pborrn.
1049 2800 1089 2850 ΙΙΙ
1108 2805 1131 2861 1,
1149 2797 1183 2850 20

111 2867 198 2932 (bomo
222 2866 289 2920 adol.
308 2870 438 2935 penetrem
456 2868 532 2920 buius
550 2868 663 2919 modiin
681 2869 731 2935 pel.
750 2886 771 2920 e.
790 2886 813 2934 q.
831 2886 866 2930 s.,
888 2869 934 2919 sed
955 2868 995 2920 ed.
1011 2883 1053 2932 pr.
1078 2870 1183 2917 ianime

112 2935 213 2986 abstine
231 2950 244 2985 a
262 2935 313 3001 pel.
331 2953 352 2986 e.
371 2953 394 3001 q.
413 2937 452 2998 s),
470 2940 603 3001 penetrare
620 2936 697 2987 codd.
800 2938 832 2990 68
852 2937 902 2987 del.
920 2935 1076 2987 didicentes
1094 2932 1183 3001 praef.

112 3002 200 3054 Stichi
212 3001 243 3054 li.
251 3018 280 3067 p.
290 3003 396 3066 XVIII,·
413 3019 467 3054 non
485 3009 546 3070 epte
563 3003 685 3064 defendit
702 3002 821 3056 damnum
838 3009 980 3069 repetitum
1000 3003 1115 3056 Weisius
1128 3004 1183 3067 pri

111 3072 145 3122 69
163 3071 195 3120 de
212 3074 311 3121 turture
329 3070 365 3132 of.
382 3072 559 3122 Bnecbetsrrn
575 3075 605 3122 in
627 3071 777 3134 Woelfftini
794 3074 867 3123 ureb.
885 3072 910 3133 2,
933 3071 979 3122 117
1082 3074 1114 3123 70
1133 3069 1183 3120 del.

111 3137 288 3188 Buechelsms
355 3138 465 3206 *aliquis
535 3141 567 3190 72
581 3139 648 3190 telus
662 3140 746 3202 codd,
765 3155 834 3191 corr.
848 3139 1023 3188 Baseebelamrs
1091 3139 1123 3189 73
1137 3151 1183 3202 pro

112 3208 189 3272 equo]
207 3220 299 3271 praeeo
318 3206 368 3269 DC,
386 3221 463 3272 preco
483 3206 508 3254 D
611 3206 744 3257 accumbet
761 3207 817 3267 BD,
839 3206 991 3256 accumbent
1011 3204 1037 3266 0,
1060 3205 1183 3254 accubem

110 3273 255 3324 Marellems
272 3273 333 3323 add.
355 3274 404 3325 122
486 3279 547 3338 posi
565 3277 596 3326 73
614 3276 747 3339 repetitur
764 3291 786 3324 e.
805 3274 855 3335 65,·
873 3289 941 3338 qnae
957 3272 1125 3322 intercidisse
1141 3274 1183 3321 in-

111 3341 202 3391 dicaui
224 3342 262 3392 ad
282 3340 439 3392 Mnesilochi
460 3342 617 3392 mandatnm
635 3344 796 3407 pertinuisse
816 3341 953 3399 videntur,
976 3337 1012 3399 cf.
1030 3339 1072 3391 60.
1089 3339 1131 3391 89.
1149 3339 1183 3391 97

112 3411 145 3459 74
163 3408 205 3472 ab]
223 3408 307 3460 atCD
377 3412 408 3460 75
427 3409 546 3460 istuncB
614 3410 705 3461 *locon
724 3424 757 3460 an
775 3410 891 3461 simulem
904 3408 971 3459 serio
1040 3410 1074 3460 76
1091 3407 1183 3459 melius

113 3475 170 3527 61)ι
239 3491 315 3543 quam
334 3477 403 3528 DCD
472 3478 504 3529 76
523 3475 592 3543 qnod
610 3492 658 3543 ago
677 3478 702 3526 D
771 3479 803 3528 79
821 3477 925 3528 eveniat
943 3475 1121 3538 Camerarius]
1139 3489 1183 3525 ve·

112 3543 166 3594 niet
235 3544 367 3610 prandium
386 3549 430 3596 aut
449 3546 547 3611 potatio
565 3544 684 3596 desubito
702 3545 725 3594 B
792 3542 886 3611 ‘quid‘i
904 3543 926 3594 si
944 3542 1011 3609 epod
1030 3548 1064 3605 te,
1082 3541 1182 3594 venidm

111 3611 133 3661 si
152 3611 247 3676 subito,
266 3627 289 3677 p.
309 3627 332 3664 e.
350 3611 482 3678 potatiost,
501 3611 535 3673 es.
546 3612 581 3663 82
651 3615 683 3664 80
702 3611 755 3663 lieri
775 3613 800 3662 in
818 3612 875 3663 istis
893 3609 947 3663 lieri
967 3613 990 3662 D
1059 3614 1089 3664 81
1109 3624 1183 3661 eccu-

113 3679 170 3730 bem
191 3679 369 3742 camerarius]
389 3680 510 3731 accubem
530 3679 592 3742 CD2,
610 3681 760 3731 accumbam
778 3681 821 3744 D¹,
840 3680 971 3731 secobiam
989 3680 1015 3728 D
1083 3693 1183 3729 aecum-

110 3746 155 3798 bet
175 3748 232 3807 BD,
251 3748 403 3798 accumbees
420 3749 457 3810 (es
475 3765 491 3799 a
509 3748 642 3811 aemilii
708 3750 740 3800 83
758 3748 801 3799 ubi
820 3747 893 3799 voles
911 3752 939 3799 tu
958 3748 1004 3799 tibi
1023 3762 1080 3799 esse
1098 3745 1183 3811 lepide

111 3813 270 3866 liitsebelins
339 3817 379 3868 83.
391 3817 431 3866 84.
445 3817 547 3866 alienos
560 3832 613 3865 esse
624 3818 779 3880 suspicatur
794 3815 1017 3867 Wlamoaoitzins
1086 3817 1118 3866 85
1131 3828 1184 3862 ma-

111 3893 176 3946 gnus
194 3887 234 3934 est
250 3882 292 3933 bic
311 3882 336 3935 ll.
357 3882 466 3934 Servius
480 3885 603 3935 Danielis
620 3883 686 3934 Aen.
704 3884 729 3946 9,
747 3884 798 3936 327
816 3885 897 3949 (recte
916 3883 1054 3935 Charisius
1070 3881 1131 3936 22n
