2550 4350
155 159 215 220 108
450 242 453 248 ¹
628 157 747 214 PLAVTI
1074 179 1225 232 lma-aa

147 350 149 353 ’
216 335 348 415 profesto
371 351 458 411 egere
480 333 575 408 liceat,
598 333 655 395 nisi
676 335 855 414 peperceris.

216 427 373 500 postquam
394 420 472 480 banc
493 420 636 480 rationem
659 421 755 480 ventri
777 421 919 500 cordique
941 421 1028 496 edidi,

217 506 341 566 accessit
362 505 478 567 animus
499 505 535 565 ad
557 523 651 566 meam
675 506 862 580 sententiam,

216 608 303 670 quam
325 590 461 651 minume
484 598 603 670 sumptu
625 590 714 650 filiam
737 597 770 651 ut
791 599 917 671 nuptum
940 592 1050 654 darem.

127 692 130 699 ·
216 694 299 736 nunc
319 675 467 737 tusculum
490 676 547 736 emi
569 675 627 736 hoc
649 683 680 735 et
700 694 826 737 coronas
847 678 968 739 floreas:
1184 688 1224 742 x

215 762 289 821 baec
311 762 505 840 imponentur
527 761 557 820 in
581 762 648 820 loco
671 769 774 821 nostro
796 760 874 835 Lari,

216 855 250 906 ut
270 847 436 907 fortunatas
459 845 547 906 faciat
568 852 673 923 gnatae
696 847 823 924 nuptias.

217 931 266 991 sed
290 930 361 1010 quid
384 949 439 1009 ego
462 939 577 1009 apertas
600 930 679 991 aedis
701 940 816 992 nostras
839 931 1019 1011 conspicor?

217 1023 247 1075 et
268 1016 421 1095 strepitust
442 1015 531 1077 intus.
576 1034 717 1076 numnam
740 1035 794 1095 ego
818 1017 964 1096 compilor
984 1017 1096 1080 miser?

217 1100 306 1162 Corve.
350 1101 453 1161 Aulam
475 1101 626 1173 maiorem,
649 1101 673 1161 si
695 1110 773 1180 pote,
796 1120 832 1162 ex
853 1103 959 1162 vicinia
1181 1114 1225 1167 m

217 1195 298 1264 pete:
322 1185 411 1246 istaec
426 1193 551 1265 parvast,
574 1204 681 1264 capere
703 1206 764 1247 non
788 1187 861 1265 quit.
909 1186 996 1248 Evcr..
1029 1186 1065 1248 Ei
1087 1189 1172 1267 mibi,

214 1271 289 1349 perii
311 1271 421 1332 hercle.
465 1289 570 1331 aurum
592 1271 714 1350 rapitur,
736 1272 800 1332 aula
825 1273 986 1350 quaeritur.

153 1356 304 1433 [nimirum
326 1356 455 1431 occidor,
478 1356 535 1417 nisi
551 1373 605 1433 ego
621 1357 700 1417 intro
714 1357 773 1417 buc
787 1374 915 1436 propere
936 1375 1065 1438 propero
1081 1360 1224 1437 currere]

215 1441 330 1520 Apollo,
353 1460 472 1520 quaeso,
495 1441 618 1502 subveni
640 1441 680 1501 mi
703 1449 791 1520 atque
814 1442 924 1515 adiuva,

215 1527 331 1604 confige
354 1527 466 1605 sagittis
488 1527 570 1588 fures
595 1527 823 1599 thensaurarios,
1182 1538 1225 1591 933

216 1611 261 1688 [si]
285 1611 355 1690 quoi
376 1612 406 1672 in
430 1630 463 1672 re
484 1612 535 1672 tali
557 1610 613 1672 iam
637 1611 800 1672 subvenisti
822 1611 970 1676 antidhac.

215 1697 264 1756 sed
288 1714 370 1757 cesso
392 1696 476 1776 prius
497 1715 585 1775 quam
608 1715 732 1776 prorsus
753 1697 828 1777 perii
850 1695 994 1758 currere‘.l

572 1916 787 1979 ANTHRAX
1155 1919 1183 1980 Π
1205 1921 1224 1984 9

216 2036 335 2108 Dromo,
358 2036 517 2115 desquama
540 2037 638 2116 piscis.
682 2045 724 2108 tu,
746 2035 921 2108 Machaonio,

216 2138 371 2199 congrum,
394 2138 564 2181 muraenam
588 2123 731 2182 exdorsua
753 2131 896 2202 quantum
919 2129 1025 2202 potest.

216 2223 271 2284 ego
293 2205 364 2265 hinc
386 2214 530 2287 artoptam
553 2225 589 2266 ex
610 2224 755 2286 proxumo
778 2207 918 2268 utendam
941 2214 1011 2286 peto
1181 2218 1224 2268 tot

216 2310 232 2350 a
255 2290 432 2370 Congrione.
475 2301 509 2352 tu
530 2291 619 2352 istum
642 2292 760 2371 gallum,
783 2292 807 2353 si
829 2292 917 2372 sapis

215 2375 393 2455 glabriorem
415 2377 519 2439 reddes
540 2377 611 2437 mibi
635 2395 721 2455 quam
744 2378 842 2438 volsus
863 2376 982 2439 ludiust.

214 2460 265 2521 sed
288 2461 357 2541 quid
379 2462 437 2524 boc
459 2463 597 2524 clamoris
618 2463 713 2524 oritur
733 2463 804 2523 binc
827 2481 863 2523 ex
884 2459 1052 2541 pronumo‘.l

216 2547 303 2624 coqui
324 2548 434 2621 hercle,
457 2549 556 2621 credo,
579 2548 692 2608 faciunt
714 2547 844 2608 officium
867 2566 961 2608 suom.

215 2631 323 2710 fugiam
346 2633 436 2707 intro,
460 2652 498 2694 ne
521 2634 591 2712 quid
613 2632 720 2694 turbae
741 2632 789 2692 hic
811 2632 913 2693 itidem
934 2634 1004 2692 luat.
1181 2639 1223 2693 aot

237 2833 287 2885 382
305 2832 374 2884 cordi
391 2834 526 2901 ventrique
544 2835 566 2886 J
612 2835 663 2887 384
675 2833 754 2886 nimio
765 2834 792 2884 D
843 2834 893 2886 385
911 2832 961 2885 boc
973 2833 1182 2901 etPrisct‘anm]
1198 2835 1223 2887 et

152 2898 229 2951 basce
307 2902 357 2953 386
374 2901 555 2967 imponeuntur
571 2902 644 2966 aba,
661 2903 838 2967 impontuntur
854 2899 893 2951 Db
910 2903 1011 2954 ataid.
1092 2900 1130 2963 cs.
1147 2903 1223 2955 Ante

150 2969 248 3033 phania
259 2966 314 3033 frg.
327 2970 423 3019 Athon.
435 2968 515 3022 309a
583 2973 633 3023 390
649 2976 710 3035 pote
722 2985 754 3020 ex
766 2969 920 3033 Lambinus]
938 2973 1013 3036 potes
1083 2972 1131 3023 391
1145 2971 1223 3023 *batto

152 3037 228 3087 codd.
306 3038 356 3089 392
375 3036 459 3088 bercle
477 3040 545 3102 [ego]
564 3037 711 3105 Seyffertoa
787 3040 836 3090 393
855 3036 890 3098 cf.
909 3039 946 3087 ad
961 3037 1013 3089 242
1090 3040 1142 3092 399
1159 3037 1223 3105 sasl-

152 3104 243 3154 tasD⁶
312 3107 362 3157 396
380 3105 401 3155 si
415 3105 476 3172 quoi
491 3106 641 3170 Varingtua]
660 3106 699 3156 oui
769 3106 882 3156 talliam
897 3105 1075 3169 Camerarius]
1094 3106 1160 3158 talia·

152 3171 272 3224 subvenit
288 3173 359 3224 ΒΗ]
432 3171 468 3233 cs.
487 3173 661 3239 Ir'ieaab'ngim
678 3173 713 3224 M.
731 3173 779 3226 lib.
798 3173 840 3236 23,
856 3174 926 3236 2145
944 3173 1024 3238 Soplt.
1043 3172 1157 3226 08165

153 3242 201 3293 398
220 3240 302 3291 Gocvs
318 3241 367 3304 BJ,
385 3257 436 3294 om.
453 3242 479 3291 D
576 3241 679 3293 dromae
697 3241 834 3308 desquama
854 3241 938 3307 pisces
955 3241 1069 3300 Nonius,
1087 3240 1223 3295 dromedas

152 3310 271 3371 (maiore.
288 3310 327 3371 B,·
345 3309 360 3359 d
378 3312 408 3358 in
425 3324 478 3373 mg.
495 3309 538 3372 D;
554 3308 691 3375 promodes
708 3310 739 3372 J)
756 3324 831 3376 quam
850 3309 944 3374 aspicis
1030 3310 1080 3361 399
1098 3309 1224 3363 exdorsua

153 3381 273 3441 quantum
293 3382 379 3442 potest
393 3375 499 3428 Nonius
507 3393 535 3441 p.
545 3378 578 3429 17
587 3383 613 3427 et
621 3379 654 3429 95
667 3380 769 3442 (potes),
787 3377 872 3427 altero
891 3379 948 3428 loco
966 3376 1154 3429 eacdorauanda'
1168 3393 1225 3429 oar·

153 3445 213 3492 bum
231 3448 351 3508 motatur]
369 3449 486 3496 exossata
500 3445 620 3497 laesioni
688 3447 737 3497 400
755 3449 879 3511 artoptam
892 3446 1016 3496 Plautum
1027 3445 1129 3497 indul.
1142 3447 1225 3513 serde-

151 3513 216 3559 sr'rre
231 3505 333 3576 ‘magna
351 3513 385 3564 ob
400 3512 425 3564 id
440 3514 630 3565 concertatione
642 3512 796 3564 emditorum
812 3528 843 3563 an
856 3514 878 3563 is
889 3528 981 3563 versus
992 3517 1084 3579 poetae
1095 3514 1131 3564 sit
1143 3507 1222 3566 ttum'
1265 3566 1267 3573 ,

151 3580 255 3630 Pensm
267 3579 436 3633 troditlllll.
448 3581 539 3645 18,11,
550 3582 599 3634 107
667 3584 716 3632 401
738 3585 763 3630 tu
780 3580 866 3644 istum]
885 3580 989 3632 *Stiobe
1007 3586 1035 3631 tu
1105 3584 1157 3634 402
1175 3582 1225 3634 clo·

152 3646 267 3697 briooem
285 3646 317 3707 B,
335 3647 493 3710 glabriorem
513 3650 557 3700 DJ
569 3651 648 3712 (recte
664 3647 779 3712 Nonius)
839 3647 916 3699 lidius
934 3655 974 3699 est
991 3649 1015 3709 J,
1034 3646 1121 3716 lidyus
1139 3648 1224 3713 aab,

151 3712 248 3780 lydyus
266 3718 306 3765 est
321 3715 346 3765 B
440 3719 489 3770 405
506 3718 584 3768 redeo
601 3717 668 3767 intro
685 3731 718 3766 ne
736 3713 797 3782 quid
814 3715 857 3767 bic
875 3715 963 3768 turbae
981 3714 1027 3766 fiat
1044 3715 1153 3767 Nonius
1169 3717 1225 3785 (qut

153 3781 253 3833 turbam
266 3798 319 3848 pro
338 3784 419 3835 turbis
437 3787 558 3849 tactatur)
625 3784 733 3846 *intero,
751 3781 786 3843 cf.
805 3784 842 3834 od
857 3784 954 3837 Booob.
972 3784 1023 3837 907
1092 3783 1139 3837 fiat
1163 3822 1166 3826 »

588 3903 790 3915 -σσι--ψ
