2544 4364
507 809 769 896 PRAEFATIO

185 1019 279 1080 Plauti
295 1019 407 1081 tabulas
423 1018 528 1080 edendi
543 1019 708 1098 periculum
724 1019 855 1080 tacturus
873 1037 933 1080 non
950 1016 1123 1098 ignorabam
1138 1019 1169 1080 in

100 1104 196 1166 aliena
219 1123 308 1184 opera
330 1104 430 1184 operis
451 1103 642 1165 fundamenta
664 1103 803 1182 ponenda
825 1122 899 1165 esse.
942 1103 1093 1165 Bitschelii
1114 1104 1170 1183 igi·

99 1198 156 1264 tur,
180 1189 303 1250 aculus
326 1189 447 1250 nomine
461 1188 576 1249 bonum
599 1207 686 1249 omen
709 1188 773 1268 capi
797 1188 879 1268 operi
894 1187 1029 1249 Plautino
1047 1207 1102 1267 par
1117 1198 1170 1265 est,

97 1274 289 1352 virorumque
315 1274 421 1352 opibus
447 1273 498 1352 qui
524 1272 636 1334 abillo
663 1272 800 1334 editionis
820 1273 1019 1352 perficiendae
1040 1274 1170 1335 officium

98 1367 296 1438 susceperunt
317 1359 356 1419 ita
370 1376 442 1419 usus
457 1375 533 1431 sum,
557 1365 589 1418 ut
630 1375 813 1436 uaecumque
828 1356 863 1418 ad
878 1358 1060 1419 recensenda
1075 1357 1170 1421 Plauti

98 1442 187 1504 verba
209 1444 361 1523 pertinent
382 1451 503 1522 accepta
525 1441 566 1503 eis
581 1376 716 1503 releram.
754 1459 851 1520 neque
873 1460 943 1503 vero
966 1460 1089 1522 magnae
1109 1442 1170 1505 edi-

98 1529 188 1590 tionis
204 1546 219 1589 a
234 1547 343 1607 magno
359 1529 420 1589 viro
435 1527 589 1588 incohatae
604 1526 748 1588 aemulam
763 1545 877 1606 parare,
899 1527 950 1588 sed
965 1545 1064 1589 meum
1081 1545 1169 1606 quem

99 1613 128 1675 in
152 1613 210 1674 hoc
231 1623 318 1692 poeta
334 1612 484 1674 conlocavi
507 1611 638 1673 laborem
654 1611 733 1673 etad
752 1613 841 1673 linem
864 1611 980 1690 qualern
995 1612 1170 1694 contingere

98 1699 182 1777 potui
203 1699 368 1778 perducere
391 1705 420 1758 et
442 1696 561 1776 publico
584 1696 650 1758 usui
672 1696 895 1758 accommodare
916 1696 1059 1758 volebam.

78 1846 82 1853 ,
185 1783 268 1854 Quod
293 1801 350 1861 qua
373 1782 487 1843 ratione
503 1783 600 1842 tacere
614 1781 777 1842 studuerim
800 1781 911 1860 paucis,
934 1800 971 1842 ue
988 1800 1048 1842 non
1071 1791 1170 1843 rectae

99 1866 135 1928 de
158 1867 282 1928 consilio
305 1887 373 1929 meo
396 1866 547 1947 opinionis
561 1867 626 1946 ipse
648 1875 751 1927 auctor
766 1867 842 1940 fiam,
866 1865 1076 1945 exponendum
1091 1866 1169 1928 vide-

97 1960 155 2013 tur.
179 1959 287 2030 atque
316 1953 346 2013 in
369 1951 561 2013 recensendis
590 1950 707 2029 quidem
731 1951 837 2012 fabulis
861 1960 1015 2030 quattuor,
1044 1968 1169 2029 quarum

97 2038 270 2116 praesertim
295 2036 373 2098 nulla
389 2046 509 2116 praeter
530 2035 649 2096 ultimae
663 2035 813 2115 parvulam
829 2045 942 2116 partem
958 2037 988 2097 iu
1004 2035 1106 2097 codice
1121 2054 1169 2097 re-

98 2122 208 2201 scripto
231 2129 342 2183 servata
365 2122 412 2195 sit,
435 2120 508 2182 nihil
530 2121 590 2181 lere
613 2119 791 2182 difficultatis
810 2120 929 2199 reliquit
942 2120 1119 2182 Ritschelius
1141 2128 1170 2181 et

99 2207 149 2285 qui
172 2225 238 2268 eum
261 2206 354 2268 secuti
377 2213 461 2282 sunt;
484 2213 578 2266 totum
601 2204 712 2266 scilicet
735 2205 887 2285 negotium
914 2204 944 2266 in
967 2204 1170 2284 recuperanda

99 2310 134 2352 ex
155 2291 246 2352 trium
268 2290 431 2352 duorumve
444 2290 563 2351 testium
579 2291 644 2364 lide,
668 2308 793 2368 quorum
817 2308 896 2351 unus
913 2290 1086 2351 auctoritate
1100 2289 1169 2351 reli-

99 2394 173 2455 quos
188 2375 312 2437 multum
329 2375 486 2448 antecedit,
509 2374 598 2436 unius
612 2374 722 2436 codicis
744 2375 871 2436 lectione
893 2373 1062 2436 absolvitur.
1100 2375 1168 2435 Am-

98 2459 269 2523 brosianum
285 2468 382 2522 autem
398 2460 529 2522 codicem
545 2478 561 2521 a
577 2459 694 2520 Loewio
710 2461 772 2520 viro
788 2460 874 2520 docto
891 2468 919 2520 et
935 2459 1069 2534 candido,
1085 2459 1169 2522 cuius

98 2547 237 2608 iacturam
253 2564 435 2625 magnopere
450 2544 585 2623 lugemus
600 2543 780 2622 quicumque
802 2544 874 2604 haec
890 2543 985 2605 studia
1000 2551 1168 2618 tractamus,

98 2639 128 2692 et
151 2630 269 2692 Goctzio
292 2630 417 2690 feliciter
439 2629 592 2690 inventum
622 2636 649 2689 et
671 2628 779 2690 acriter
801 2628 997 2690 examinatum
1020 2629 1058 2690 ita
1081 2647 1168 2709 prae-

99 2723 176 2776 stare
194 2722 223 2776 et
244 2715 307 2795 ipse
324 2714 422 2776 iudico
438 2723 564 2793 cognato
580 2713 765 2775 Londinensi
780 2721 874 2774 aetate
890 2713 1003 2788 maiori,
1025 2722 1058 2774 ut
1080 2714 1169 2794 plane

99 2797 219 2860 missum
241 2801 339 2862 lacere
360 2799 506 2880 potuerim
530 2798 654 2860 alterum
678 2798 734 2859 nisi
756 2799 832 2859 forte
854 2807 906 2860 aut
926 2799 1024 2860 delicit
1045 2797 1072 2859 Ε
1091 2798 1168 2876 (Aul.

100 2885 280 2963 tua-605)
302 2892 352 2946 aut
373 2884 422 2946 ille
443 2885 504 2946 veri
527 2883 635 2963 aliquid
659 2902 694 2943 ex
717 2883 887 2953 coniectura
909 2884 1041 2964 praebet.

183 2968 226 3030 De
252 2968 443 3030 emendandis
470 2968 577 3030 fabulis
604 2967 745 3047 quaedam
773 2969 900 3047 praefari
929 2969 1021 3048 magis
1047 2968 1167 3043 attinet;

98 3071 206 3132 nempe
228 3053 265 3115 ita
288 3055 375 3133 vulgo
398 3072 460 3114 rem
476 3053 539 3133 geri
554 3052 638 3114 video
661 3062 694 3113 ut
716 3070 775 3131 quo
799 3052 938 3133 progredi
954 3052 1040 3114 liceat
1062 3053 1167 3131 quidve

97 3138 316 3216 adsequendum
341 3139 379 3200 sit
401 3157 457 3200 nec
473 3146 609 3199 constare
631 3138 701 3198 satis
723 3156 780 3199 nec
794 3137 925 3198 animum
943 3137 1054 3199 attendi
1076 3156 1167 3217 appa-

97 3231 168 3283 reat.
205 3231 293 3301 atque
308 3223 486 3285 Ritsohelius
507 3223 604 3303 ipsum
620 3222 714 3283 Plauti
737 3222 885 3302 exemplar
901 3221 1029 3283 editione
1051 3241 1103 3284 sua
1119 3241 1167 3283 re-

98 3315 286 3386 praesentare
314 3307 442 3382 volebat,
472 3307 559 3368 hodie
589 3307 705 3386 quidam
737 3308 812 3369 ultra
838 3307 1003 3368 Flauiorum
1032 3315 1166 3387 tempora

96 3392 236 3452 recedere
260 3393 376 3454 uolunt.
421 3411 476 3453 nos
499 3391 675 3470 quibusdam
703 3392 733 3452 in
757 3392 846 3454 rebus
869 3411 929 3453 uon
952 3393 1056 3470 attingi
1079 3411 1165 3472 posse

96 3484 203 3537 metam
220 3495 235 3537 a
251 3476 409 3538 Ritschelio
425 3477 549 3557 positam
564 3475 659 3556 probe
674 3476 791 3552 scimus,
807 3477 879 3537 citra
893 3476 1166 3539 Frontonianorum

96 3560 244 3623 cancellos
267 3562 428 3623 consistere
451 3581 512 3623 non
536 3562 627 3641 magis
642 3562 707 3622 ideo
729 3569 859 3622 mentem
878 3561 1054 3637 inducimus,
1078 3579 1166 3640 quam

97 3645 281 3708 Aristarchea
304 3647 468 3708 carminum
491 3645 717 3708 Homericorum
740 3646 913 3708 recensione
937 3645 1069 3707 contenti
1093 3665 1165 3708 esse.

182 3729 231 3792 Bis
247 3733 355 3792 lactum
378 3739 422 3792 est
437 3731 466 3792 in
488 3730 594 3793 litteris
608 3732 820 3804 Romanorum,
842 3739 875 3792 ut
890 3730 984 3792 Plauti
999 3729 1104 3792 tabulis
1119 3749 1165 3792 as-

96 3815 208 3876 siduam
233 3834 351 3896 operam
366 3817 549 3897 grammatici
564 3815 714 3877 dederent.
751 3817 878 3896 primum
902 3833 937 3876 eo
955 3823 1090 3894 tempore
1106 3834 1165 3894 quo
