2550 4350
148 167 209 226 124
627 165 745 219 PLAVTI
1064 180 1224 234 1v1nu-eo

147 342 235 403 Eunu.
266 341 344 412 Quid
359 341 384 402 si
405 337 502 403 fallis?
547 340 616 401 ch.
645 339 722 401 Tum
741 358 788 401 me
810 339 896 400 saciat
917 341 997 419 quod
1017 341 1078 403 volt
1098 358 1225 420 magnus

502 425 645 505 luppiter.

147 512 235 573 Ercn.
267 511 318 571 Sat
332 510 437 571 habeo.
466 528 520 589 age
536 528 618 571 nunc
633 510 755 588 loquere
772 508 843 588 quid
859 509 911 571 ris.
954 509 1023 571 ch.
1055 511 1085 572 Si
1105 528 1223 572 meno-

503 594 691 668 vidiminus,

149 686 259 762 genere
275 699 333 759 quo
349 681 405 742 sim
421 683 544 757 gnatus:
559 679 608 740 hic
624 679 695 741 mihi
711 683 756 741 est
771 678 946 758 Megadorus
961 681 1136 756 avonculus,

148 785 233 828 meus
248 775 332 845 pater
347 765 402 826 luit
417 765 618 839 Antimachus,
634 782 689 843 ego
705 782 795 826 vocor
809 763 983 844 lyconides‚

148 850 456 913 materestEunomia.
489 848 575 910 Evcu.
597 849 779 928 Norigenus.
802 867 884 911 nunc
895 849 964 928 quid
974 847 1078 911 rislid
1087 848 1156 910 volo
1183 857 1224 911 τὸ)

150 954 284 998 noscere.
314 935 383 996 ch.
405 933 450 994 Ex
462 943 491 994 te
503 934 592 995 filiam
604 943 635 994 tu
647 933 747 995 habos,
777 932 864 994 Erec.
887 933 982 994 lmmo
994 934 1128 1000 eccillam
1137 933 1224 996 domi.

149 1021 218 1082 Luc.
241 1019 312 1081 Eam
325 1027 357 1080 tu
369 1017 561 1098 despondisti‚
577 1019 694 1097 opinor,
706 1037 773 1080 meo
785 1019 940 1079 avonculo.
984 1017 1072 1080 Evcn.
1096 1018 1223 1081 Omnem

506 1122 569 1163 rem
583 1112 678 1164 tenes.

150 1189 219 1250 ch.
251 1189 278 1250 ls
294 1206 342 1248 me
358 1205 439 1249 nunc
454 1188 626 1248 renuntiare
642 1188 797 1267 repudium
813 1187 899 1249 iussit
913 1188 976 1248 tihi.

150 1274 239 1334 Evcn.
269 1273 437 1351 Repudium
452 1271 542 1334 rebus
556 1273 673 1352 paratis,
690 1273 840 1334 exornatis
856 1271 990 1353 nuptiis?

152 1368 184 1421 ut
198 1358 281 1419 illum
295 1357 324 1419 di
339 1357 518 1419 immortales
533 1377 638 1419 omnes
653 1358 783 1436 deaeque
799 1366 972 1436 quantumst
986 1355 1140 1436 perduint,
1183 1365 1225 1418 τῶ

152 1462 241 1522 quem
256 1451 380 1522 propter
394 1443 481 1503 hodie
496 1443 560 1504 auri
576 1452 689 1504 tantum
706 1443 820 1522 perdidi
835 1442 946 1517 infelix,
962 1441 1061 1503 miser.

153 1529 220 1589 ch.
243 1528 327 1588 Bono
338 1528 435 1588 animo
448 1546 488 1602 es,
505 1527 582 1588 bene
594 1528 666 1588 dice.
692 1546 772 1589 nunc
786 1545 863 1605 qnae
874 1546 923 1589 res
935 1526 1029 1589 tibiet
1039 1535 1148 1604 gnatae
1160 1537 1224 1589 tuae

152 1612 229 1674 bene
245 1611 429 1691 feliciterque
444 1620 539 1672 vortat
554 1612 648 1673 -ita
663 1612 693 1673 di
709 1613 810 1686 faxint,
826 1612 951 1690 inquito.

152 1697 239 1758 Erec.
270 1696 313 1757 lta
328 1696 356 1757 di
368 1696 485 1758 saciant.
530 1698 598 1757 Luc
621 1696 660 1758 Et
670 1697 740 1758 mihi
752 1698 791 1757 ita
802 1697 831 1757 di
843 1697 961 1758 faciant.
993 1695 1226 1759 audinunciam.
1265 1708 1267 1731 ³

153 1783 204 1861 qui
219 1783 309 1842 homo
325 1781 441 1860 culpam
457 1782 573 1844 admisit
587 1782 618 1843 in
634 1801 675 1855 se,
692 1783 805 1843 nullust
819 1790 877 1842 tam
894 1781 975 1861 parri
991 1781 1077 1860 preti,
1186 1790 1228 1843 tto

154 1886 244 1946 quom
260 1866 378 1947 pudeat,
394 1866 466 1945 quin
483 1876 591 1946 purget
605 1886 678 1928 sese.
712 1884 793 1928 nunc
808 1875 837 1927 te
855 1866 996 1940 obtestor,
1011 1863 1127 1940 Euclio,

154 1963 187 2013 ut
201 1952 226 2013 si
241 1951 312 2030 quid
327 1969 382 2030 ego
399 1969 468 2030 erga
483 1960 512 2012 te
527 1952 692 2030 inprudens
703 1952 821 2031 peccavi
836 1959 886 2012 aut
901 1959 1020 2031 gnatam
1036 1959 1126 2027 tuam,

155 2046 186 2098 ut
200 2037 241 2096 mi
255 2036 392 2115 ignoscas
407 2053 530 2114 eamque
545 2055 670 2097 uxorem
684 2037 756 2097 mihi
771 2035 831 2110 des,
848 2045 881 2097 ut
895 2036 974 2115 leges
988 2035 1103 2096 iubent.

154 2139 209 2200 ego
226 2139 272 2181 mc
287 2119 425 2180 iniuriam
437 2120 542 2182 secisse
557 2119 633 2181 filiae
648 2122 742 2181 lateor
758 2128 834 2192 tuae,

155 2205 270 2266 Cereris
285 2203 399 2283 vigiliis,
414 2223 469 2283 per
484 2205 584 2265 vinum
600 2213 688 2284 atque
703 2205 823 2285 inpulsu
839 2204 1064 2267 adulescentiae.
1186 2214 1230 2266 'lte

156 2289 242 2350 Evae.
272 2288 308 2350 Ei
324 2288 404 2363 mihi,
421 2289 501 2367 quod
515 2290 631 2351 lacinus
647 2309 682 2351 ex
694 2298 722 2351 te
738 2307 793 2368 ego
808 2288 915 2351 audio?
959 2289 1028 2349 Luc.
1051 2288 1111 2350 Cur
1126 2289 1229 2365 eiulas,

154 2392 244 2454 quem
259 2391 313 2452 ego
330 2392 413 2435 arom
430 2375 485 2436 leci
500 2375 557 2435 iam
573 2383 606 2437 ut
620 2394 700 2437 esses
715 2375 783 2435 filiai
799 2372 932 2454 nuptiis?

155 2478 224 2521 uam
238 2467 289 2520 tua
305 2467 392 2539 gnata
407 2460 530 2539 peperit,
546 2460 671 2521 decumo
687 2478 789 2522 mense
805 2469 886 2539 post:
904 2476 1060 2520 numerum
1077 2477 1167 2538 cape;

155 2562 190 2605 ea
205 2563 237 2605 re
253 2543 409 2623 repudium
424 2545 537 2607 remisit
551 2545 712 2607 avonculus
727 2563 814 2606 causa
830 2563 902 2606 mea.

155 2630 264 2702 imno,
274 2647 429 2707 exquaere,
439 2629 516 2690 sitne
525 2629 564 2691 ita
573 2638 607 2690 ut
616 2649 671 2710 ego
681 2630 828 2708 praedico.
855 2629 943 2689 Ercn.
960 2627 1037 2688 Perii
1048 2627 1169 2707 oppido,
1188 2637 1232 2690 899

155 2714 194 2775 ita
210 2713 280 2774 mihi
295 2714 330 2773 ad
345 2713 454 2774 malum
469 2713 563 2784 malae
578 2733 627 2775 res
639 2715 791 2794 plurumae
806 2734 838 2775 se
853 2712 1046 2792 adglutinant.

155 2798 204 2859 ibo
221 2798 310 2871 intro,
326 2798 442 2876 utquid
454 2799 541 2860 huius
553 2817 654 2859 rerum
666 2800 813 2861 sitsciam.
847 2800 915 2860 ch.
939 2797 999 2858 lam
1012 2807 1041 2858 te
1052 2815 1173 2876 sequor.
1187 2830 1231 2842 -

198 2884 270 2943 haec
286 2883 502 2961 propemodum
518 2883 575 2943 iam
590 2902 654 2945 esse
669 2888 699 2944 ln
716 2884 787 2944 vado
804 2884 905 2945 salutis
917 2901 965 2944 res
980 2883 1105 2943 videtur.

199 2985 281 3028 nunc
296 2985 413 3029 servom
428 2985 492 3028 esse
506 2967 559 3028 ubi
574 2968 667 3029 dicam
684 2986 781 3029 meum
798 2967 959 3028 Strobilum
977 2986 1037 3029 non
1055 2968 1191 3046 reperio;

200 3052 256 3113 nisi
271 3051 357 3112 etiam
373 3051 421 3112 hic
437 3052 576 3131 opperiar
591 3062 690 3113 tamen
706 3053 871 3132 paulisper;
887 3062 990 3132 postea
1005 3053 1084 3113 intro
1185 3061 1231 3113 805

241 3188 291 3238 776
309 3186 370 3253 quid
383 3187 405 3238 si
416 3186 594 3248 Camerarius]
607 3187 627 3238 it
638 3187 707 3251 13¹1),
721 3186 747 3238 id
756 3185 816 3238 ΕΒἱ
876 3189 903 3236 lu
919 3199 959 3236 me
969 3185 1055 3236 11¹1>ss
1115 3187 1166 3238 778
1178 3199 1232 3237 me·

156 3255 266 3320 dagenus
284 3255 309 3303 D
378 3257 427 3307 779
446 3253 611 3320 *paterium
629 3255 678 3305 luit
695 3259 768 3321 paler
836 3253 1006 3304 vocoB¹Dld
1074 3255 1124 3306 780
1142 3252 1169 3303 id
1182 3253 1232 3304 Oa·

155 3326 296 3385 merare'ce]
314 3321 373 3373 Luc.
386 3322 413 3373 id
482 3323 529 3375 781
550 3324 598 3374 *ex
618 3327 643 3374 te
661 3322 750 3385 filiam]
769 3321 847 3373 filiam
867 3336 898 3372 ex
917 3325 942 3373 te
961 3324 996 3386 (n.
1010 3335 1041 3372 ex
1059 3323 1093 3371 te.
1105 3319 1231 3372 millam

156 3391 314 3455 luBotltiue,
332 3388 367 3450 cf.
378 3389 514 3441 Muellerus
531 3391 563 3441 de
576 3406 657 3456 pron.
672 3389 847 3456 pet·e.cotl.9)
908 3388 1008 3440 ccillam
1077 3390 1127 3441 782
1146 3389 1233 3440 iamla'

157 3459 207 3510 784
224 3458 319 3523 paratis
336 3459 465 3510 exornatis
482 3457 596 3522 Noctua]
614 3460 711 3523 paratis
728 3463 806 3524 alque
824 3457 952 3508 exornatis
1039 3458 1087 3509 787
1108 3455 1231 3508 benedico

156 3525 278 3592 Pylades]
292 3529 318 3576 et
330 3525 452 3578 benedice
519 3529 565 3579 791
580 3542 659 3594 quom
671 3527 792 3589 Bottiue]
805 3525 866 3591 quin
918 3525 1060 3590 purigetse
1073 3522 1233 3575 dilectelc'ue

157 3596 206 3646 792
225 3593 247 3644 si
265 3593 353 3643 orell¹
421 3609 469 3660 ego
488 3594 583 3645 om.B¹
651 3597 700 3647 793
719 3594 744 3645 id
763 3594 797 3645 mi
813 3592 972 3643 diocletiue
1040 3592 1146 3643 iubeant
1157 3592 1233 3644 BDE

157 3664 207 3714 794
225 3659 294 3711 filiae
313 3659 406 3713 iecisse
423 3663 513 3725 codd,
539 3678 608 3713 corr.
629 3661 800 3714 Camerarius
902 3663 950 3714 796
969 3658 1039 3726 quod
1063 3674 1112 3723 ego
1131 3659 1232 3712 lacinus

157 3744 188 3779 ex
207 3729 249 3780 ted
269 3727 387 3794 Guyetm
467 3730 650 3782 eiuiasB¹Dld
736 3733 783 3782 797
802 3726 871 3780 filiae
953 3731 1002 3781 799
1020 3728 1107 3779 amisit
1125 3728 1163 3778 11¹

158 3797 207 3849 800
225 3797 234 3846 i
251 3796 287 3846 Bl
304 3797 467 3859 messianus]
486 3814 535 3850 om.
553 3798 639 3849 B¹DE
723 3811 851 3863 exquaere
873 3800 987 3846 testatur
1005 3797 1171 3859 Priscianus]
1188 3811 1233 3847 ex·

157 3864 229 3930 quire
248 3864 320 3915 nou
405 3867 455 3918 892
473 3880 560 3917 rerum
579 3867 702 3930 Botte'ue]
721 3867 774 3917 veri
791 3865 848 3927 BD,
866 3864 964 3916 vesild
1038 3864 1087 3915 803
1107 3863 1180 3916 ridet
1196 3862 1233 3914 B¹

158 3934 208 3986 894
225 3932 366 3984 strobolum
385 3933 428 3997 3²,
446 3934 553 3985 strolum
572 3934 632 3984 Bur
700 3933 817 4000 repperio
887 3933 936 3985 805
955 3930 1055 3998 operiar
