2544 4364
509 180 703 234 AMPHITRVO
1098 186 1140 245 25

423 404 646 467 AMPHITRVO
670 405 779 467 sostt
1069 409 1096 470 11
1120 413 1136 472 1

65 523 159 583 burn.
190 521 252 601 Age
267 527 277 582 t
291 531 324 584 tu
340 523 514 586 secundnm.
559 525 623 586 Sos.
654 525 779 605 Sequor,
795 525 963 606 subsequor
977 536 1016 589 te.

64 607 159 668 Auru.
190 607 445 671 Scelestissumnm
462 617 489 671 te
504 608 642 671 arbitror.
686 610 751 672 Sos.
780 611 854 672 Nam
870 630 959 690 quam
975 612 1013 674 ob
1029 613 1114 676 rom‘t

64 694 159 753 Aaron.
187 692 262 764 Quia
278 693 307 754 id
322 693 403 772 quod
418 713 516 773 neque
531 705 576 756 est
590 713 688 774 neque
704 696 759 756 fuit
774 714 873 776 neque
887 699 1050 761 futurumst

65 777 138 837 mihi
152 777 314 856 praedicas.
359 779 423 840 Sos.
453 779 573 852 Botere,
589 780 647 841 iam
664 780 767 841 tuatim

66 860 139 924 facis
153 870 197 937 tu,
213 869 246 924 nt
260 863 319 925 tuis
334 863 415 924 nulla
431 865 508 944 apud
524 868 554 925 te
569 865 641 926 tides
656 865 702 925 sit.
1096 878 1142 930 555

65 947 159 1007 Auen.
183 946 259 1017 Quid
272 946 336 1009 esti
348 967 408 1026 qno
420 947 529 1009 modo?
544 949 600 1010 iarn
614 949 733 1028 quidem
744 949 845 1011 hercle
856 969 911 1031 ego
923 950 977 1013 tibi
990 951 1075 1013 istam

66 1031 231 1106 scelestam,
247 1033 353 1106 scelus,
368 1033 500 1111 linguam
515 1033 672 1095 abscidam.
718 1034 782 1096 Sos.
811 1035 893 1098 Tuos
907 1054 982 1112 sum,

65 1116 192 1196 proinde
208 1125 241 1178 ut
255 1119 472 1180 commodumst
486 1126 516 1179 et
530 1119 613 1181 lubet
627 1118 759 1197 quidque
773 1120 879 1197 iaoias;

65 1210 164 1263 tamen
182 1201 254 1280 quin
270 1202 375 1280 loquar
388 1203 461 1265 haee
476 1204 519 1265 uti
535 1204 610 1265 faeta
624 1211 696 1265 sunt
708 1204 767 1279 bie,

66 1304 230 1365 numquam
245 1285 305 1348 ullo
321 1287 410 1348 modo
425 1306 472 1349 me
486 1297 573 1368 potes
588 1289 748 1349 deterrere.

67 1371 160 1432 Auru.
192 1371 423 1455 scelestissume,
439 1375 529 1434 audes
544 1373 616 1434 mihi
630 1373 802 1453 praedicare
817 1372 856 1446 id,

66 1455 147 1518 domi
160 1464 191 1518 te
205 1474 269 1518 esse
284 1475 375 1532 nuno,
392 1458 443 1537 qui
457 1457 506 1519 hie
521 1455 611 1519 adas‘t
655 1457 720 1518 Sos.
750 1457 823 1519 Vera
840 1458 915 1519 dico.

66 1540 159 1602 Aren.
188 1541 297 1602 bialum
313 1542 393 1620 quod
408 1542 462 1603 tibi
477 1543 506 1603 di
522 1542 644 1616 dabunt,
660 1551 749 1620 atque
765 1561 819 1622 ego
835 1543 922 1603 hodio

66 1624 151 1687 dabo.
196 1626 261 1688 Sos.
291 1625 370 1688 {stuc
385 1626 467 1689 tibist
481 1628 512 1688 in
528 1647 629 1702 mann,
645 1638 715 1688 nant
730 1635 798 1689 tuos
812 1646 887 1689 sum.

65 1710 158 1771 turn.
188 1710 255 1771 Tun
271 1729 328 1786 me,
343 1711 479 1786 verbero,
495 1713 587 1775 audes
599 1731 684 1774 erum
698 1709 864 1774 ludificari?
1096 1723 1142 1774 565

65 1802 139 1856 tune
154 1793 185 1857 id
199 1795 298 1858 dicore
312 1797 411 1873 andes,
427 1797 507 1876 quod
524 1816 612 1858 nemo
628 1814 768 1874 umquam
781 1798 872 1858 homo
887 1797 1012 1860 antehae

65 1879 138 1941 vidit
153 1898 208 1941 nee
223 1889 321 1960 potest
335 1882 409 1955 fieri,
424 1891 560 1960 tempore
574 1900 636 1942 uno

65 1964 156 2027 homo
171 1965 248 2027 idem
264 1965 381 2027 dnobus
394 1966 468 2028 loeis
482 1974 516 2027 ut
530 1965 617 2028 simul
632 1963 691 2028 sit?

67 2048 132 2110 Sos.
161 2049 299 2111 Profecto
315 2058 348 2110 nt
361 2051 469 2129 loquor
484 2070 532 2113 res
546 2052 622 2114 itast.
667 2051 759 2111 burn.
789 2048 923 2129 Iuppiter
938 2058 968 2112 te

65 2134 177 2214 perdat.
221 2135 286 2197 Sos.
317 2135 394 2206 Quid
409 2137 478 2197 mati
493 2155 569 2211 sum,
586 2154 646 2210 ere,
662 2145 711 2197 tua
726 2153 763 2195 ex
777 2153 810 2196 re
824 2134 1026 2214 promeritus?
1096 2147 1141 2196 tto

66 2218 159 2280 Auen.
185 2217 332 2298 Rogasne‚
348 2220 492 2300 improbe,
509 2221 606 2295 etiam,
622 2222 673 2300 qui
688 2221 774 2281 ludos
789 2220 860 2281 iacis
874 2217 944 2281 mei

66 2303 131 2365 Sos.
162 2303 266 2365 Merito
282 2305 438 2367 maledicas
454 2306 535 2379 mibi,
550 2307 575 2367 si
591 2301 678 2389 [non]
694 2305 723 2365 id
738 2305 778 2365 ita
793 2306 942 2366 factumst.

65 2405 168 2450 verum
183 2388 262 2449 baud
276 2390 414 2466 mentior,
430 2409 537 2470 resque
552 2392 596 2452 uti
611 2391 686 2451 iacta
701 2389 776 2451 dieo.

215 2535 222 2555 ,
300 2475 395 2540 Arra.
426 2476 522 2536 Homo
538 2475 586 2536 bie
601 2474 703 2536 ebrius
717 2481 762 2535 est
776 2482 810 2535 nt
824 2478 941 2553 opinor.

109 2556 173 2620 Sos.
203 2557 320 2619 Vtinam
334 2559 375 2621 ita
389 2578 493 2622 essem.
537 2561 630 2629 Aren.
661 2558 754 2637 Optas
769 2576 845 2636 quae
860 2559 945 2619 tacta.
1096 2568 1141 2618 675

109 2642 175 2704 Sos.
206 2632 334 2722 Egone?
377 2643 469 2705 Arra.
500 2631 635 2706 T'nistio.
665 2643 718 2704 ubi
733 2641 854 2705 bibisti?
928 2690 933 2699 .

109 2727 173 2789 Sos.
203 2727 355 2807 Nusquam
370 2729 507 2807 equidem
523 2728 594 2791 bibi.
639 2730 730 2790 Auru.
761 2727 839 2799 Quid
854 2729 910 2790 boo
926 2728 964 2789 sit

110 2809 261 2874 hominis?
305 2815 371 2875 Sos.
394 2813 531 2892 equidem
545 2815 644 2877 decies
658 2813 731 2876 dixi:

110 2896 191 2958 domi
204 2915 260 2977 ego
275 2917 352 2973 sum,
368 2903 499 2978 inquam,
515 2900 622 2979 ecquid
637 2896 743 2961 audis?

153 3114 203 3166 552
219 3129 295 3181 qaam
313 3113 358 3179 [id]
375 3115 563 3166 Fbadar'oeaaa
664 3117 714 3167 554
732 3115 823 3167 tuatim
841 3119 976 3182 testaretur
994 3115 1142 3182 Charisius,

66 3178 390 3247 Noniae,gloaa.1’taat.]
409 3186 522 3234 tuentem
609 3185 658 3235 555
676 3182 740 3234 tacis
759 3187 786 3234 tu
805 3187 834 3235 ut
850 3183 1014 3246 Brunatrtus]
1032 3182 1094 3235 iacit
1111 3186 1140 3235 ut

66 3246 181 3314 Nonius,
199 3249 262 3302 tacis
280 3253 309 3301 ut
327 3250 402 3301 coda.
471 3251 506 3301 sit
522 3248 588 3301 fides
605 3250 690 3315 codd,
708 3266 779 3302 narr.
799 3250 917 3318 Gayataa
1003 3253 1052 3303 558
1071 3265 1141 3302 com·

66 3314 170 3368 modum
183 3318 233 3369 siet
244 3317 317 3370 lubet
329 3319 413 3379 codd„
432 3332 502 3368 corr.
517 3317 688 3369 Camerarius
751 3321 801 3372 566
814 3323 901 3384 potest
912 3318 948 3370 Βί
1012 3319 1061 3370 565
1074 3316 1141 3370 ludi·

65 3381 144 3436 floare
161 3385 199 3436 19ι
278 3387 328 3438 569
346 3387 438 3452 loquar
453 3384 499 3450 D1,
517 3387 597 3452 loquo
615 3386 640 3437 la*
725 3388 775 3440 576
794 3390 846 3449 tua]
867 3390 936 3437 tanta
956 3383 1062 3437 Nartiae

67 3452 120 3505 579
136 3455 208 3515 [non]
226 3452 310 3506 Laud.
389 3454 426 3505 ita
445 3469 495 3504 om.
513 3452 550 3503 13a
631 3456 690 3507 573.
709 3455 760 3506 574
777 3456 968 3520 cohaerentia
985 3454 1062 3507 codd.

67 3520 118 3572 579
135 3519 177 3572 die
193 3520 240 3586 11¹,
258 3520 300 3573 die
317 3522 349 3586 E,
367 3521 449 3573 diram
466 3521 505 3570 11²
608 3524 659 3574 574
676 3522 718 3573 hio
735 3521 813 3574 homo
831 3522 963 3573 barusim
982 3521 1028 3586 (af.
1046 3537 1139 3574 aarum.

62 3603 139 3653 pror.
156 3589 179 3654 1,
195 3589 222 3654 6)
304 3589 426 3641 etaamla
443 3591 614 3656 anapaestico
701 3591 837 3642 575-565
855 3590 922 3656 disp.
940 3593 971 3642 in
987 3591 1025 3641 a:
1043 3591 1140 3641 utinam

66 3682 101 3693 -
117 3655 177 3708 istic
191 3656 196 3722 t
211 3656 255 3708 nbi
273 3656 361 3709 bibisti
377 3657 534 3709 -bominis
549 3657 553 3724 Ι
568 3657 688 3724 equidem
699 3685 732 3696 -
745 3657 813 3709 idem
828 3658 832 3723 Ι
848 3658 915 3709 satin
926 3687 959 3696 —
974 3659 1024 3710 rab
1038 3659 1043 3725 Ι
1059 3671 1141 3725 apage

67 3750 100 3761 -
117 3724 185 3776 istun
199 3725 204 3792 Ι
220 3722 284 3777 dicis
300 3751 336 3763 -·
352 3730 422 3777 recte
440 3725 576 3790 amphitrio
592 3727 597 3794 Ι
612 3729 639 3777 at
655 3754 689 3763 —
707 3725 812 3777 meritus
827 3725 832 3792 Ι
847 3729 876 3777 ut
894 3753 926 3764 -
944 3726 1043 3778 rediero
1064 3726 1114 3777 iam
1133 3723 1139 3792 Ι

67 3791 394 3857 sequere-delirantibus
463 3795 599 3847 575-584
613 3796 803 3860 typemotron
814 3793 903 3845 XXIX
915 3798 1063 3845 metrorum
1080 3807 1140 3844 eam

67 3859 186 3911 manant
272 3864 320 3914 577
340 3859 400 3928 quid
418 3861 468 3913 boo
486 3865 526 3913 est
543 3861 669 3914 bominis?
693 3861 816 3912 Donatus
828 3865 912 3927 poeta
932 3865 959 3911 et
973 3859 1069 3923 fabula
1086 3875 1142 3911 nan

66 3926 197 3979 indicatis
213 3926 248 3990 of.
267 3928 317 3981 769
403 3931 452 3981 579
470 3928 575 3996 inquam
594 3931 655 3993 [ere]
673 3928 720 3981 tu
788 3928 895 3996 etquid
