2544 4364
98 154 132 209 Vl
541 157 725 210 PRAEFATIO

99 329 251 410 popularis
272 339 376 408 poetae
399 348 488 408 opera
503 332 558 408 pe'r
580 338 700 390 centum
723 331 786 391 lere
806 348 953 391 annorum
976 331 1103 410 spatium
1124 332 1171 393 hi-

99 414 243 476 strionum
267 423 381 475 tantum
403 413 540 476 manibus
562 423 684 475 tractata
706 422 862 476 retractata
891 433 926 476 eo
950 416 1073 477 consilio
1097 436 1169 478 con-

100 498 257 578 quirebant
279 508 309 559 et
330 497 518 559 excutiebant
540 498 717 561 litteratores
738 499 881 574 Romani,
903 508 937 561 ut
955 500 1170 564 Alexandrinos

99 583 212 657 imitati,
231 592 260 644 et
274 583 367 644 multo
384 583 502 662 quidem
518 584 616 645 minus
631 584 782 646 exercitati
797 584 826 644 in
844 603 876 645 re
890 584 980 664 longe
995 584 1169 661 difficiliore,

99 668 199 748 spuria
221 687 236 728 a
259 668 399 747 genuinis
421 676 621 743 secernerent,
644 669 773 748 genuina
796 669 980 748 potissimum
1004 670 1039 731 ad
1055 671 1169 750 antiqui

99 753 245 815 sermonis
267 753 514 815 consuetudinem
538 753 775 832 cognoscendam
799 762 1002 834 excerperent.
1041 756 1170 817 Stilones

99 838 189 916 igitur
211 847 240 898 et
262 837 409 899 Varrones
430 837 620 916 reliquosque
647 838 778 899 indicum
801 838 1006 899 Plautinorum
1033 848 1169 902 auctores

99 922 331 1001 collectoresque
347 923 511 1002 glossarum
526 930 706 984 vetustarum
730 942 791 983 non
808 923 872 984 sine
890 923 1087 1003 discrepantia
1108 925 1168 986 lec-

98 1007 188 1068 tionis
210 1007 396 1068 circumlatas
418 1007 564 1068 invenisse
586 1007 699 1068 labulas
715 1006 863 1069 Plautinas
885 1015 915 1068 et
936 1027 998 1069 non
1019 1009 1170 1071 Plautinas

98 1092 265 1153 testimonia
288 1092 374 1152 etiam
396 1100 557 1172 supersunt
578 1092 609 1153 in
624 1092 759 1154 Verriani
782 1092 879 1171 operis
901 1092 1033 1172 reliquiis
1056 1113 1116 1155 non
1133 1094 1169 1156 de

99 1177 288 1237 Varronianis
298 1185 413 1237 tantum
425 1176 531 1237 fabulis
543 1177 594 1237 sed
605 1175 642 1238 de
654 1177 729 1256 Syro
745 1195 864 1255 quoque
880 1195 969 1255 quam
984 1186 1065 1239 extra
1079 1179 1169 1241 unius

99 1271 128 1322 et
142 1261 245 1338 viginti
261 1279 419 1323 numerum
435 1261 532 1322 locum
556 1260 693 1323 babuisse
708 1261 860 1342 probabile
882 1270 942 1336 est3
964 1264 1001 1324 cl.
1017 1263 1170 1326 Winterus

98 1346 141 1407 Pl.
164 1345 221 1406 lab.
238 1345 304 1424 dep.
321 1347 423 1424 fragm.
438 1365 468 1426 p.
484 1349 513 1410 6.
530 1349 581 1408 47.
619 1346 699 1425 quod
721 1346 746 1408 si
769 1347 799 1407 in
823 1346 974 1409 codicibus
998 1347 1106 1426 quibus
1125 1349 1169 1410 uti

99 1430 167 1491 licet
189 1430 311 1492 eandem
334 1430 470 1493 lectionis
492 1430 718 1510 discrepantiam
743 1450 803 1492 non
828 1449 888 1492 uno
911 1430 977 1492 loco
1001 1433 1168 1513 depreben-

98 1514 193 1576 dimus
216 1516 283 1594 (qua
307 1516 343 1576 de
365 1535 398 1576 re
420 1517 457 1576 ol.
482 1533 557 1594 quae
580 1514 804 1594 disputaverunt
818 1515 999 1595 Leidolpbus
1021 1516 1089 1579 diss.
1106 1517 1168 1580 len.

97 1598 124 1660 ll
136 1602 261 1678 204sq,
277 1600 399 1662 Baierus
413 1600 449 1661 de
464 1600 507 1660 Pl.
524 1599 581 1660 lab.
597 1619 656 1661 rec.
669 1600 769 1661 Ambr.
786 1609 816 1661 et
829 1600 889 1661 Pal.
904 1619 934 1679 p.
947 1602 1060 1680 20sq.),
1075 1602 1168 1663 varie-

97 1692 186 1746 tatem
209 1703 270 1745 non
294 1685 386 1764 magis
400 1683 573 1746 mirabimur
588 1703 676 1763 quam
695 1693 836 1746 servatam
860 1703 923 1745 eam
939 1694 969 1746 et
982 1686 1168 1748 diiudicatam

97 1788 112 1830 a
135 1770 331 1848 grammaticis
353 1770 419 1830 data
442 1788 531 1850 opera
553 1770 711 1830 lectionem
739 1770 957 1831 comoediarum
984 1771 1169 1857 constituen-

97 1853 185 1916 tibus.

182 1938 326 1999 Nimirum
349 1938 406 1999 boc
429 1939 538 1999 lactum
561 1946 605 2000 est
619 1939 709 1999 altera
728 1956 814 2016 quam
830 1956 918 2018 supra
934 1939 1058 2000 indicavi
1074 1948 1167 2002 aetate

96 2023 326 2098 Antoninorum,
343 2041 400 2102 qua
414 2032 531 2102 poetam
543 2032 611 2102 post
622 2023 776 2084 Horatium
792 2042 853 2084 non
869 2022 1103 2102 magnifactum,
1120 2025 1168 2086 cui

96 2108 203 2169 iterum
225 2126 281 2187 per
302 2116 422 2168 centum
437 2108 499 2168 lere
522 2125 668 2169 annorum
684 2108 810 2186 spatium
826 2127 887 2169 non
904 2107 1037 2170 andimus
1051 2127 1168 2171 vacasse

96 2193 310 2270 grammaticos,
334 2211 372 2252 ne
387 2192 517 2253 Probum
534 2191 662 2271 quidem,
685 2201 802 2272 praeter
819 2201 933 2254 ceteros
949 2193 1091 2255 excitasse
1109 2193 1168 2255 ele-

96 2278 263 2357 gantiarum
278 2277 431 2338 hominnm
448 2277 541 2338 studia
559 2287 663 2338 notum
679 2286 731 2337 est.
768 2286 856 2356 atque
871 2297 933 2338 non
949 2276 1088 2357 legebant
1101 2287 1168 2339 tan-

95 2373 158 2424 tum
174 2362 310 2424 Plautum
333 2372 362 2423 et
377 2361 590 2442 excerpebant:
614 2361 812 2423 recensebant
826 2361 1023 2424 emendabant
1042 2363 1168 2425 edebant

96 2447 315 2508 commentariis
337 2447 531 2521 instructum,
561 2446 590 2506 id
614 2447 692 2525 quod
716 2455 801 2507 antea
823 2447 933 2507 factum
960 2465 1024 2508 esse
1046 2446 1166 2527 probari

96 2551 156 2594 non
180 2539 294 2615 potest;
317 2540 398 2593 certe
420 2533 456 2593 ad
471 2533 549 2592 banc
571 2539 694 2592 aetatem
718 2539 747 2591 et
761 2540 934 2610 argumenta
948 2532 1102 2610 pertinent
1116 2552 1166 2594 ve·

94 2625 206 2678 tustum
218 2634 385 2677 sermonem
397 2617 571 2678 adlectantia
585 2616 772 2697 (cs.0pitzius
784 2616 860 2677 stud.
868 2615 948 2695 Lips.
957 2615 1030 2695 le.
1038 2618 1100 2681 234
1109 2619 1168 2696 sq.)

95 2709 124 2762 et
147 2701 377 2762 commentarius
399 2701 484 2763 cuius
506 2701 595 2762 nnius
616 2709 733 2780 tempus
755 2701 892 2762 novimus
913 2701 1035 2762 Terenti
1053 2702 1166 2777 Scauri,

94 2786 243 2865 pertinere
259 2793 365 2864 potest,
381 2792 414 2845 ut
428 2785 570 2864 reliquiae
585 2784 649 2846 eius
662 2785 833 2858 ostendunt,
850 2787 1079 2848 commentarius
1094 2786 1165 2847 alter

95 2870 252 2943 Sisennae,
273 2869 366 2931 studia
383 2871 536 2949 pertinent
550 2869 629 2930 Flavi
645 2869 730 2949 Capri
746 2870 868 2930 Arrunti
884 2870 959 2931 Celsi
982 2870 1165 2948 aliorumque

94 2955 264 3016 multorum.
301 2955 336 3015 ad
351 2955 428 3015 banc
443 2963 566 3016 aetatem
582 2955 753 3016 referendae
769 2954 877 3033 quibus
893 2955 1006 3016 utimur
1022 2954 1165 3016 editiones

94 3039 280 3100 Ambrosiani
303 3039 412 3100 codicis
433 3039 570 3120 rescripti
593 3047 623 3101 et
644 3039 856 3100 Palatinarum.

179 3125 326 3203 Tempore
341 3124 430 3204 igitur
445 3125 524 3202 qnod
540 3125 616 3185 inter
632 3123 804 3185 Ciceronem
828 3135 857 3186 et
872 3122 1054 3184 Frontonem
1071 3123 1165 3184 inter-

94 3209 181 3270 cessit
204 3217 234 3270 et
255 3209 409 3288 depravata
431 3211 522 3270 multa
544 3209 666 3270 suntin
689 3209 822 3270 versibus
838 3208 941 3282 Plauti,
965 3226 1040 3287 quos
1062 3225 1101 3268 ne
1117 3207 1164 3269 Ci-

94 3294 212 3356 ceronis
235 3293 352 3372 quidem
376 3311 477 3355 aevum
494 3295 626 3372 integros
641 3302 804 3374 acceperat,
828 3293 1029 3355 etverborum
1052 3292 1165 3352 formae

93 3379 231 3456 antiquae
253 3379 411 3457 pleraeque
427 3386 621 3452 evanuerunt,
644 3397 717 3457 quas
739 3398 777 3439 ne
792 3377 884 3439 Varro
907 3376 1024 3456 quidem
1040 3377 1164 3438 intactas

93 3463 255 3535 invenerat,
277 3463 307 3523 in
332 3462 440 3541 quibus
462 3464 659 3540 restituendis,
680 3464 704 3525 si
719 3463 901 3524 Hadrianeae
916 3462 1018 3523 aetatis
1034 3461 1163 3522 homini-

93 3547 149 3609 bus
172 3546 293 3626 scicntia
314 3565 369 3626 par
390 3548 483 3608 amori
505 3548 651 3610 sermonis
672 3548 776 3609 vetusti
803 3547 952 3621 infuisset,
981 3546 1073 3607 multo
1096 3545 1163 3625 plus

92 3632 134 3692 illi
157 3651 244 3711 quam
268 3631 354 3692 nobis
376 3632 444 3693 licet
457 3634 602 3712 prolicere
617 3632 792 3712 potuissent.
830 3633 859 3693 in
883 3631 989 3693 talibus
1010 3639 1108 3691 antem
1130 3639 1164 3690 ut

94 3716 123 3776 in
147 3717 301 3778 sententiis
316 3725 420 3797 poetae
435 3718 647 3798 recuperandis
661 3736 731 3778 sane
746 3715 781 3777 ad
798 3717 894 3796 ipsum
909 3716 1043 3777 Plautum
1059 3733 1163 3776 ascen·

94 3801 163 3862 dere
185 3811 214 3862 et
228 3819 316 3881 saepe
330 3801 398 3862 licet
413 3811 442 3862 et
456 3801 568 3882 ubique
583 3802 786 3882 temptandum
802 3811 854 3863 est.
892 3801 946 3862 alia
963 3808 1034 3862 sunt
1049 3801 1079 3860 in
1097 3801 1162 3879 qui·

93 3885 148 3947 bus
170 3905 238 3965 spes
259 3887 336 3947 ultra
350 3886 488 3948 Hadriani
511 3895 634 3948 aetatem
658 3897 738 3948 certo
761 3887 853 3966 gradu
867 3884 1077 3965 progrediendi
1100 3904 1162 3946 non
