2544 4364
90 191 247 242 noea-an
534 175 726 230 uurfluuvo
1130 178 1170 237 21

137 347 232 410 blnuc.
263 346 317 409 Vbi
333 366 387 427 ego
403 347 486 409 Sosia
503 347 594 409 nolim
610 365 684 421 esse,
699 355 732 408 tu
748 356 810 409 esto
827 366 899 409 sane
914 347 1007 410 Sosia.

136 451 220 495 nuno
235 433 354 512 quando
370 451 425 512 ego
440 451 515 508 sum,
531 431 691 511 vapulabis,
706 432 738 494 ni
752 432 824 494 bino
838 432 910 508 abis,
926 433 1074 512 ignobilis.
1128 445 1172 497 444

138 518 202 580 Sos.
233 517 319 580 Certe
342 517 457 598 edepol,
480 535 571 595 quom
593 516 677 577 illum
698 517 879 598 contemplo,
902 536 949 579 em
972 520 1096 581 formant
1120 538 1172 582 oo-

443 620 556 681 gnosoo
572 619 668 663 meam

138 705 228 767 quem
243 687 278 748 ad
294 687 415 749 modum
431 704 487 766 ego
502 704 582 748 sum:
603 689 692 766 saepe
707 687 738 748 in
754 686 908 766 speculum
926 687 1051 768 inspexi.
1082 688 1171 752 nimis

444 772 560 834 similist
572 772 647 832 moi:

138 856 241 918 itidem
256 855 345 917 habet
358 863 494 936 petasum
509 875 543 918 ao
559 856 694 918 vestitum
711 857 782 933 (tam
794 855 981 933 consimilist)
995 866 1085 937 atque
1100 876 1171 940 ego;

138 959 217 1016 sura,
234 960 296 1021 pes,
312 950 434 1015 statura,
449 950 564 1014 tonsus,
580 940 668 1016 oculi,
685 958 789 1002 nasum
804 940 826 1020 †
841 940 886 1001 rel
901 940 992 1016 labra,

137 1026 240 1100 malae,
255 1034 400 1100 mentum,
415 1025 518 1100 barba,
532 1025 641 1087 oollus:
657 1033 747 1087 tolus
778 1024 849 1104 quid
862 1026 960 1088 verbis
975 1025 1087 1108 opust?
1129 1037 1173 1088 445

139 1111 165 1174 si
178 1117 295 1191 tergum
311 1111 527 1185 cicatricosam,
543 1110 617 1172 nibil
631 1111 689 1170 hoo
705 1109 821 1172 similist
835 1110 969 1174 similius.

139 1195 191 1259 sed
206 1213 297 1275 quom
313 1196 423 1275 cogito,
433 1197 577 1275 equidem
591 1203 673 1256 oerto
689 1195 766 1256 idem
782 1213 848 1256 sum
864 1197 916 1275 qui
930 1214 1051 1277 semper
1063 1197 1115 1260 sui.

91 1302 95 1307 ’
139 1280 208 1342 novi
223 1298 317 1355 erum,
332 1281 401 1342 novi
416 1281 496 1343 aedis
511 1288 644 1356 nostras;
659 1298 732 1341 sane
746 1280 828 1359 sapio
843 1289 874 1341 et
888 1281 996 1343 sentio.

138 1384 201 1426 non
219 1384 274 1446 ego
290 1364 331 1426 illi
346 1365 521 1446 obtempero
538 1365 619 1443 quod
633 1364 780 1442 loquitur:
796 1365 917 1445 pultabo
932 1366 1014 1428 loris.

139 1450 234 1513 Mune.
257 1450 325 1522 Quo
339 1451 402 1531 agis
415 1447 467 1513 tel
497 1449 561 1511 Sos.
584 1449 722 1510 Domum.
753 1448 848 1511 Mune.
872 1449 1035 1530 Quadrigas
1049 1450 1074 1512 si
1089 1467 1173 1510 nuno

446 1534 603 1597 inscendas
618 1534 694 1595 lovis
1128 1544 1172 1595 454

140 1628 229 1700 atque
244 1619 314 1680 bino
330 1620 433 1699 logias,
449 1623 488 1681 ita
505 1620 551 1680 vix
566 1619 678 1699 poteris
694 1619 824 1697 elingere
840 1619 1047 1681 intortunium.

141 1704 207 1767 Sos.
236 1704 344 1765 Nonne
360 1723 426 1767 erae
447 1722 530 1766 meae
547 1703 685 1765 nuntiare
700 1705 780 1781 quod
796 1723 865 1767 erus
880 1723 964 1766 meus
984 1703 1068 1766 iussit
1082 1701 1173 1766 lieet‘l

140 1789 235 1851 Mune.
271 1788 350 1851 Tuae
372 1789 489 1868 siquid
512 1789 554 1850 vis
577 1788 729 1850 nuntiare:
753 1788 830 1849 hane
854 1799 985 1852 nostram
1006 1788 1173 1850 4414444444

446 1890 551 1935 sunam.

143 1975 213 2019 nam
227 1957 251 2019 si
267 1976 314 2018 me
328 1958 482 2032 inritassis,
498 1957 586 2019 bodie
599 1955 820 2035 lumbifragium
834 1956 905 2017 hino
920 1958 1046 2020 auteres.

141 2041 206 2104 Sos.
237 2042 318 2104 Abeo
332 2043 441 2122 potius.
470 2043 500 2104 di
515 2042 697 2116 inmortales,
713 2041 838 2103 obseoro
854 2050 983 2105 vostram
996 2042 1094 2117 tidem,
1129 2052 1174 2102 445

141 2126 192 2189 ubi
208 2145 263 2207 ego
285 2125 381 2207 perii‘l
403 2127 454 2189 ubi
469 2128 633 2190 inmutatus
648 2125 737 2190 sum‘t
757 2126 808 2187 ubi
823 2144 879 2207 ego
894 2128 1020 2189 turmam
1035 2124 1172 2208 perdidit

140 2229 179 2272 an
195 2220 311 2291 egomet
325 2230 373 2272 me
387 2212 447 2273 illio
463 2212 578 2291 reliqui,
593 2213 618 2273 si
633 2213 710 2273 forte
726 2210 836 2274 oblitus
850 2211 915 2274 fuit

141 2314 210 2358 nam
224 2297 272 2358 bio
288 2297 406 2376 quidem
419 2316 538 2358 omnem
551 2296 708 2376 imaginem
719 2314 825 2371 meam,
842 2315 916 2376 quae
929 2297 1055 2359 antehae
1067 2297 1172 2370 tuerat,

447 2381 587 2462 possidet.

140 2464 206 2528 viro
221 2465 254 2528 dt
268 2466 347 2546 quod
364 2485 526 2545 numquam
542 2465 697 2545 quisquam
713 2473 832 2526 mortuo
848 2464 935 2527 laeiet
949 2465 1030 2527 mihi.

142 2549 193 2612 ibo
208 2551 245 2612 ad
260 2560 378 2631 portum
395 2562 484 2629 atque
499 2552 571 2612 haee
587 2551 630 2610 uti
645 2558 716 2611 sunt
730 2550 805 2611 taeta
820 2568 872 2611 ero
888 2549 982 2611 diuam
997 2565 1079 2623 moo3
1129 2559 1173 2610 464

142 2635 200 2697 nisi
211 2635 297 2697 etiam
310 2635 335 2698 is
350 2654 469 2714 quoque
484 2653 532 2696 me
544 2633 708 2713 ignorabit:
724 2634 804 2713 quod
819 2635 868 2696 ille
883 2635 954 2696 144444
964 2634 1107 2716 luppiter,

140 2727 176 2781 ut
189 2737 245 2802 ego
259 2721 347 2782 bodie
361 2725 429 2782 raso
445 2720 539 2800 eapite
554 2719 651 2781 calvos
666 2719 779 2799 capiam
795 2719 925 2800 pilleum.

502 2873 767 2935 unucvulvs
1116 2868 1172 2930 12

184 2974 265 3036 114444
280 2981 334 3055 pro
350 2994 462 3054 speque
478 2975 535 3036 boe
550 2975 636 3037 bodie
652 2975 751 3053 operis
766 2978 914 3053 prooessit
928 2974 1017 3034 mibi:

184 3059 279 3120 amovi
293 3078 310 3120 a
326 3059 440 3121 toribus
454 3077 620 3120 maxumam
634 3059 808 3133 molestiam,

184 3177 235 3229 439
252 3189 310 3227 esse
328 3175 406 3227 nolim
426 3175 556 3226 Gruterus
659 3176 795 3227 438-440
813 3174 950 3224 4444444444
973 3189 1027 3223 4444
1048 3171 1176 3223 uidentur

98 3244 148 3296 444
168 3242 429 3310 4444444414,44444
446 3243 497 3295 447
566 3242 631 3305 *4441
650 3249 677 3294 44
745 3243 795 3294 442
813 3240 897 3294 simile
914 3245 955 3292 444
972 3239 1066 3304 buu,
1083 3238 1175 3290 similis

99 3309 194 3363 eet‘B³
263 3311 312 3364 446
325 3310 457 3364 consimile
469 3315 509 3363 444
577 3313 627 3363 444
639 3325 700 3361 nasa
711 3308 756 3362 vel
766 3309 863 3361 labrom
875 3309 907 3372 Ε,
920 3321 1010 3359 nasum
1021 3307 1091 3359 trono
1103 3306 1175 3359 labra

97 3378 252 3445 Langenses,
269 3382 376 3431 *nasum
393 3393 468 3431 aures
486 3378 556 3440 labra
641 3380 691 3431 445
710 3377 803 3430 malum
822 3381 949 3430 ementem
966 3375 1006 3424 D⁰
1090 3374 1175 3427 eollus

97 3445 214 3511 uenum]
232 3446 327 3499 collum
404 3449 455 3500 446
473 3446 582 3499 similest
598 3446 630 3508 B,
648 3446 731 3497 simile
748 3452 789 3498 est
805 3445 864 3509 Du,
881 3459 951 3497 eorr.
968 3443 1100 3507 Angelius

99 3517 152 3568 452
169 3529 220 3567 non
237 3514 425 3567 Fteebeteenue
545 3516 594 3566 453
617 3514 733 3566 nuntiato
751 3512 895 3578 Veetugiue
1013 3514 1065 3564 454
1082 3509 1174 3563 bambi-

99 3582 226 3650 bergium
296 3582 594 3646 4564444444]44444444144
663 3584 713 3634 466
731 3585 759 3632 ut
829 3582 877 3633 461
897 3579 1031 3645 ignorabat
1045 3578 1106 3631 3¹12*

99 3649 295 3714 fututorum]
314 3650 392 3703 144144
460 3652 510 3703 462
530 3648 637 3702 boeedie
650 3648 807 3714 Spengetiue
874 3647 995 3698 Morem-t
1010 3661 1096 3698 4444444
1110 3660 1174 3711 pue·

97 3720 151 3770 44444
165 3723 198 3770 ut
210 3719 344 3785 prologus
360 3719 552 3770 additamentis
568 3717 677 3768 uidetur
693 3720 790 3767 444444
801 3732 862 3767 eree.
892 3718 923 3766 in
934 3716 1112 3780 suspicionem
1129 3728 1175 3763 ao·

98 3790 200 3839 uerunt
211 3785 328 3855 Goegetur
344 3803 369 3839 u.
381 3781 517 3840 486-490
533 3790 560 3836 44
571 3785 629 3838 497.
642 3786 693 3838 498
704 3783 860 3835 Iltdbeolu'ue
869 3782 1014 3844 488-490,
1032 3780 1176 3845 Vesingiue

98 3854 245 3919 ltu-485,
263 3854 408 3920 tangebas
425 3853 570 3918 tre-495,
591 3852 815 3906 Witumowttztue
832 3855 903 3903 reote
920 3854 952 3901 ut
968 3849 1076 3901 uidetur
1088 3848 1174 3902 486-

98 3921 151 3975 495
220 3924 270 3976 463
289 3938 334 3989 pro
353 3937 450 3989 opeque
468 3921 610 3985 Veenerue]
628 3934 800 3990 prospereque
