2544 4364
62 189 107 242 ng.
120 189 177 231 1-x
303 126 307 135 Ι
500 160 692 224 AMPHITRVO
1094 170 1134 229 43

61 345 181 424 (Auru.)
203 345 240 405 At
255 363 310 425 ego
325 352 408 406 certo
424 361 512 405 cruce
528 351 558 405 et
569 344 732 404 cruciatum
744 343 877 405 mactabo
889 335 1136 422 exuolmastigiall
1151 355 1216 410 trc1

61 481 181 558 (Mnnc.)
210 465 287 542 Erus
302 480 528 560 Amphitruo[st]
543 485 713 559 occupatus.
1150 490 1170 534 11

63 616 183 695 (llnnc.)
210 621 319 668 έυ-κκ
329 615 460 677 ibitendi
476 620 557 676 nunc
572 614 625 676 tibi
640 615 726 676 etiam
742 615 894 677 occisiost.
1149 624 1180 668 111
1189 625 1255 677 (xvi

64 751 182 832 (lianc.)
213 752 342 831 Optumo
358 751 423 812 iure
438 751 617 828 infringatur
631 751 696 811 arila
711 750 819 812 cineris
835 754 865 810 ln
882 758 979 829 caput.
1145 759 1173 803 tv
1187 759 1238 813 (nn

61 886 180 964 (llere.)
211 887 253 948 Ne
266 895 298 948 tu
309 885 440 967 postulas
451 885 589 947 matulam
601 904 690 947 unam
702 885 756 947 tibi
767 905 860 965 aquae
869 886 987 974 infundi
996 885 1026 946 in
1037 893 1134 965 caput.
1147 895 1224 948 ΠΝ)

63 1023 181 1104 (Mune.)
201 1020 368 1094 Laruatu's.
390 1020 496 1101 edepol
507 1021 657 1083 hominem
670 1020 819 1083 miserum.
834 1021 981 1083 medicum
992 1021 1134 1101 quaerito.
1148 1030 1175 1072 u
1190 1030 1246 1082 (vn)

61 1244 154 1324 (Aac.)
178 1242 353 1304 Exiuravisti
368 1246 397 1302 te
412 1241 484 1303 mihi
500 1243 565 1304 dine
581 1247 635 1322 ptr
649 1243 757 1305 iocum.
1146 1265 1183 1309 vu
1198 1265 1245 1318 (er

61 1380 155 1458 (Aac.)
177 1378 294 1449 Quaeso
309 1377 475 1439 advenienti
490 1378 596 1439 morbo
611 1378 751 1439 medicari
765 1377 849 1440 iube:
1146 1399 1195 1442 un
1209 1400 1255 1454 (nn

177 1471 210 1525 tu
225 1471 306 1524 certe
321 1471 370 1523 aut
385 1463 516 1524 laruatus
531 1472 582 1524 aut
597 1463 723 1524 cerritus
739 1482 778 1524 es.

59 1597 154 1674 (Aac.)
175 1597 236 1660 Nisi
250 1597 308 1659 hoc
323 1597 362 1658 ita
378 1599 517 1659 factumst
532 1597 657 1678 proinde
674 1606 706 1658 ut
721 1598 830 1659 lactum
847 1616 911 1658 esse
926 1606 1058 1671 autumo,
1147 1619 1176 1663 1x
1188 1619 1255 1672 (nrm

177 1701 239 1744 non
256 1701 374 1744 causam
389 1683 455 1744 dico
471 1683 543 1761 quin
559 1700 628 1743 vero
644 1683 796 1743 insimules
812 1681 924 1762 probri.

57 1886 175 1963 (Auru.)
198 1886 275 1956 Quid
290 1885 448 1947 minitabas
463 1891 491 1947 tc
506 1886 662 1961 facturum,
678 1885 702 1947 si
716 1889 787 1946 istas
801 1885 979 1964 pepulissem
995 1882 1096 1947 fores?
1147 1902 1211 1955 arr)

142 2087 367 2153 Amphitruonem
390 2093 533 2154 postquam
556 2086 708 2138 Mercurius
733 2089 801 2138 satis
824 2085 979 2147 ludificatus
1006 2092 1044 2138 est
1066 2085 1131 2151 (frg.

56 2154 148 2220 1-c)‚
170 2155 320 2206 clamaret
337 2157 456 2221 pultctio
474 2157 629 2207 Alcmenam
654 2158 756 2206 excitat
779 2172 814 2206 eu
836 2155 960 2218 cedibus,
983 2170 1050 2222 quae
1072 2170 1132 2205 cum

56 2226 116 2274 vire
134 2224 265 2275 altercata
283 2225 415 2290 (Iuppiter
430 2225 534 2276 scilicet
545 2226 577 2275 ab
594 2223 643 2274 illa
662 2223 818 2274 discesserat
834 2223 938 2274 adrem
954 2223 1072 2274 diuinam
1088 2221 1133 2283 fa·

57 2291 189 2356 ciendam)
207 2295 234 2341 et
250 2293 308 2356 ipsa
327 2307 386 2342 eum
404 2291 525 2343 excludit
536 2290 602 2356 (frg.
616 2291 701 2356 7-9).
730 2291 845 2351 fortasse
856 2292 1017 2356 Amphitruo
1036 2291 1072 2342 ad
1089 2307 1133 2341 cr·

57 2359 194 2410 carendus
211 2362 280 2410 ciues
296 2375 420 2411 scaenam
437 2361 563 2425 reliquit,·
581 2364 651 2410 certe
669 2374 729 2409 eum
746 2359 915 2424 Blepdurene
933 2357 1010 2409 Sosia
1026 2359 1131 2424 prodit,

55 2427 125 2477 male
143 2426 238 2477 deinde
255 2428 289 2477 ab
308 2444 353 2479 ero
371 2433 502 2493 accept-us.
535 2431 661 2494 precator
680 2427 725 2476 iili
742 2429 834 2477 existit
850 2426 992 2491 Blepharo.
1028 2426 1133 2477 domini

55 2496 115 2545 irae
132 2510 160 2544 se
176 2495 335 2545 subduxisse
350 2496 458 2547 videtur
474 2510 567 2546 seruus
585 2492 651 2560 (frg.
671 2494 790 2556 10-14).
827 2495 947 2558 Iuppiter
971 2509 1006 2543 erc
1023 2494 1133 2545 aedibus

52 2562 184 2628 procedit.
219 2565 334 2613 maritus
359 2568 385 2614 et
401 2564 525 2615 moechus
540 2565 656 2613 inuicem
673 2578 701 2612 se
717 2565 830 2626 raptant
845 2577 896 2626 pre
914 2562 1037 2614 moeclu's.
1073 2561 1133 2612 Ble-

53 2631 202 2696 piraronem
212 2630 375 2696 Amphitruo
393 2631 515 2696 aduocat,
534 2631 654 2696 Iuppiter
670 2634 702 2680 ut
717 2629 824 2680 videtur
841 2629 958 2680 ludibrio
970 2630 1049 2680 dubet
1065 2626 1132 2694 (ὓς.

55 2697 175 2761 15-19).
193 2726 227 2736 -
245 2699 375 2763 quaedam
394 2699 446 2750 due
469 2702 629 2764 argumenta
648 2703 673 2748 et
689 2699 830 2763 utriusque
854 2697 898 2748 dci
918 2699 948 2748 in
966 2695 1061 2757 fabula
1077 2714 1133 2748 ser·

54 2780 146 2816 mones
157 2766 260 2832 docent,
277 2765 334 2817 alia
347 2770 394 2832 qui
404 2782 514 2818 scaenas
525 2766 622 2818 Plauto
634 2768 775 2832 supposuit
790 2764 969 2828 intellectuat,
988 2766 1043 2816 alia
1057 2766 1131 2828 Hoff-

54 2849 170 2884 mannus
187 2834 260 2896 (diss.
279 2833 390 2887 Vrattsl.
401 2834 477 2900 1848)
497 2834 648 2900 Vesinga'us,
665 2834 814 2885 Brandtius
825 2833 902 2899 (Mus.
912 2832 960 2885 Illa.
970 2833 1013 2898 34,
1022 2833 1073 2885 575
1083 2835 1131 2899 sq.)

55 2900 237 2952 Schreederus
253 2902 325 2966 (dics.
342 2903 456 2968 Argent.
476 2903 565 2969 1879),
583 2908 694 2968 uterque
708 2902 861 2967 glossarum
879 2900 1069 2953 Nonianarum
1087 2917 1130 2954 or·

55 2967 128 3020 dinis
143 2971 278 3020 rationem
296 2972 428 3036 debentes,
445 2973 636 3037 novissimique
652 2970 766 3021 editores
783 2970 967 3036 expedierunt.

140 3035 273 3089 lNonius
284 3037 336 3090 342
352 3040 473 3103 (mactare
491 3038 559 3092 malo
575 3037 685 3090 adficere
697 3035 836 3103 significat)
904 3043 931 3089 at
949 3051 997 3104 ego
1015 3043 1041 3089 tc
1059 3041 1129 3089 certo

56 3104 178 3167 cruciatu,
196 3105 323 3169 mactabo,
342 3106 460 3172 mastigia
478 3105 525 3158 [ιθ
602 3105 623 3157 ll
640 3104 746 3156 Nonius
762 3107 813 3157 354
831 3107 992 3171 (occupatus)
1071 3108 1130 3168 [est]

54 3173 233 3237 Hoffmannus
300 3173 330 3225 lll
349 3176 504 3225 Priscianus
517 3174 592 3226 4564
610 3172 727 3240 quamvis
739 3171 847 3224 Plautus
858 3164 982 3224 ‘abiendi'
1001 3171 1065 3223 dixit
1082 3188 1129 3239 pro

53 3233 184 3293 ‘abeundi'
268 3241 381 3294 abitendi
400 3241 447 3293 LG
464 3241 660 3306 (Hoffmannus)
739 3238 773 3291 tv
790 3239 897 3292 Nonius
913 3239 965 3291 543
982 3240 1060 3305 (aula)

54 3305 78 3359 V
95 3307 202 3360 Nonius
214 3310 280 3362 ibid.
299 3309 412 3373 (metella
431 3310 561 3376 aquarium
574 3312 631 3369 vas)
700 3308 817 3374 postulae
832 3307 1022 3369 Salaroederuc]
1041 3311 1128 3372 postu·

54 3375 93 3428 les
162 3373 228 3435 fort.
246 3377 375 3429 matellam
454 3393 547 3445 aquam
566 3376 680 3442 Nonius,
699 3390 781 3443 equae
800 3395 822 3440 ς,
840 3389 921 3442 aquas
938 3374 1087 3425 Brandtius
1105 3381 1131 3428 at

55 3443 249 3509 Sameramis,-
267 3443 302 3505 cf.
320 3447 357 3497 ad
374 3445 441 3498 1058
527 3444 560 3496 Vl
578 3444 683 3497 Nonius
698 3460 725 3511 p.
743 3445 777 3496 44
794 3443 889 3508 (cerriti
907 3447 934 3494 et
951 3442 1053 3508 laruati)

54 3511 183 3580 quaeritat
194 3510 308 3578 Nonius,
322 3528 390 3565 corr.
400 3512 542 3564 Acidaliae
602 3510 645 3563 Vll
656 3511 763 3563 Nonius
776 3512 824 3564 105
839 3511 964 3576 (exterere
977 3516 1003 3562 et
1015 3510 1129 3563 deiurare

54 3580 71 3632 i.
90 3594 112 3631 e.
130 3578 207 3631 valde
224 3579 317 3643 iurare)
402 3580 456 3633 Vlll
472 3580 579 3633 Nonius
594 3584 656 3647 pest
673 3580 714 3633 VI
727 3581 767 3644 (p.
779 3581 823 3644 44)
841 3584 866 3629 ct
878 3593 907 3645 p.
919 3578 970 3630 247
988 3577 1128 3642 (advenire)

54 3649 163 3715 quaeso]
181 3647 255 3713 quasi
267 3648 373 3701 Nonius
385 3651 480 3715 priore
498 3649 556 3700 loco
624 3648 714 3699 morbo
732 3645 850 3698 medicari
868 3646 929 3698 iube
940 3646 1129 3709 Scdrecderas]

53 3715 145 3767 morbo
163 3715 284 3768 medicati
301 3716 420 3769 iuuenem
432 3715 506 3768 Nona·
524 3719 620 3784 optimi
637 3716 711 3768 codd.
721 3731 749 3781 p.
762 3716 804 3778 44,
821 3715 965 3765 deurdores
983 3729 1015 3766 m.
1033 3715 1128 3777 iurem,

52 3783 124 3836 Nou.
133 3799 161 3850 p.
170 3782 222 3834 247
239 3784 339 3836 moribo
356 3784 410 3836 iure
428 3785 498 3847 (iube
509 3786 532 3850 ς)
592 3786 643 3837 ui
662 3788 768 3834 tantum
782 3798 811 3848 p.
822 3784 855 3834 44
917 3782 1032 3834 laruatus
1044 3796 1072 3833 es
1084 3786 1128 3834 eut

53 3852 161 3904 cerritus
229 3852 263 3905 lx
280 3851 444 3905 Nonius237
455 3854 607 3917 (autumare)
676 3850 834 3903 dicorerum
847 3850 908 3916 quin
924 3848 1030 3902 simules
1043 3849 1127 3911 codd,

55 3935 127 3972 corr.
139 3919 289 3973 Brandtius
305 3924 331 3971 et
342 3920 523 3972 Schroederus
585 3919 608 3971 x
625 3918 731 3971 Nonius
742 3918 794 3972 473
811 3919 923 3985 (minitas
934 3932 981 3983 pro
994 3917 1128 3980 minitaris)
