2544 4364
524 185 707 239 PRAEFATIO
1119 188 1152 241 lX

164 358 307 419 Adnotavi
334 376 538 437 quaecumque
565 359 601 420 ad
628 359 793 421 fabularum
820 360 1007 435 memoriam,
1035 361 1152 440 qualem

78 442 195 504 codices
217 451 246 503 et
259 443 441 521 grammatici
465 444 662 519 tradiderunt,
686 453 766 505 recte
788 444 997 506 aestimandam
1019 447 1152 524 pertine-

77 535 155 588 rent.
192 528 300 589 veteris
320 538 419 589 autem
434 528 544 589 codicis
565 537 595 590 et
615 530 644 589 in
662 528 856 590 Bacchidibus
877 529 1013 609 rescripti
1033 530 1152 609 plenam

77 612 235 673 lectionem
250 613 410 692 proposui,
432 613 501 674 item
518 613 665 674 Vrsiniani
681 622 710 675 et
725 613 929 687 Ambrosiam,
951 615 981 674 in
998 614 1151 676 bacchidi-

76 696 133 758 bus
154 696 298 758 decurtati
322 707 351 758 et
364 697 513 758 Vrsiniani
535 707 585 759 aut
607 699 829 760 consentientes
852 699 930 759 inter
953 717 984 760 se
1006 709 1057 760 aut
1072 719 1088 761 a
1101 720 1152 761 vc-

77 790 140 843 tere
156 780 365 843 dissentientes
380 783 541 862 scripturas
557 802 676 858 omnes,
692 783 878 862 singulorum
894 791 991 844 autem
1007 784 1151 846 librorum

76 875 196 947 praeter
209 875 337 928 veterem
354 877 383 928 et
398 868 573 947 rescriptum
589 868 725 948 proprias
745 887 793 929 eas
809 876 923 929 tantum
939 869 1055 929 enotavi
1076 888 1151 948 quae

77 952 219 1012 momenti
240 952 348 1030 aliquid
371 951 479 1013 habere
494 953 673 1015 viderentur.
704 954 837 1033 recipere
857 953 887 1013 iu
903 952 1061 1015 verborum
1078 973 1151 1015 con-

76 1045 188 1098 textum
210 1037 292 1098 nolui
308 1037 365 1098 nisi
381 1055 456 1115 quae
472 1047 551 1098 certa
568 1058 644 1112 esse,
666 1039 798 1099 indicare
813 1037 890 1099 volui
912 1057 987 1117 quae
1011 1047 1149 1119 corrupta

77 1140 142 1184 esse
157 1121 333 1197 iudicarem;
355 1123 488 1183 accidere
511 1131 607 1184 tamma
629 1123 707 1185 haud
731 1140 799 1184 raro
814 1123 845 1182 in
861 1122 918 1183 hoc
937 1131 1025 1203 poeta
1040 1123 1150 1198 debuit,

76 1216 110 1268 ut
131 1215 246 1268 certum
268 1215 297 1267 et
316 1207 468 1268 delinitum
495 1208 565 1269 lerri
588 1208 726 1269 iudicium
747 1207 894 1286 nequiret.
937 1208 1036 1269 multis
1062 1209 1151 1288 igitur

75 1290 227 1366 versibus,
256 1311 331 1371 quos
359 1292 476 1353 delendi
503 1311 590 1371 posse
612 1292 760 1368 videbam,
786 1293 896 1354 subieci
918 1311 993 1371 quae
1015 1293 1150 1355 homines

76 1377 155 1438 docti
170 1376 255 1438 docte
271 1377 482 1453 coniecissent;
501 1378 592 1439 multa
609 1378 644 1439 de
660 1377 768 1459 quibus
783 1376 977 1438 dubitandum
994 1396 1057 1439 esse
1074 1378 1149 1440 scie·

75 1461 152 1535 bam,
169 1460 278 1522 intacta
294 1462 399 1539 reliqui
416 1481 561 1541 nusquam
585 1463 671 1523 tacita
692 1462 874 1524 dubitatione
898 1470 927 1523 et
942 1461 1087 1541 probabili
1104 1482 1149 1524 sa·

76 1546 167 1607 nandi
192 1547 307 1607 ratione
328 1546 503 1626 plerumque
529 1547 665 1608 indicata.
702 1565 777 1626 quae
799 1546 889 1608 verbo
912 1567 973 1608 non
999 1547 1095 1609 addito
1117 1557 1150 1609 ut

75 1631 178 1692 tradita
200 1641 271 1693 sunt
285 1632 367 1692 tenui
383 1650 416 1692 ea
432 1631 510 1692 facili
532 1633 651 1711 negotio
667 1651 683 1692 a
699 1633 802 1711 quovis
824 1650 879 1692 nec
895 1633 1040 1694 sermonis
1056 1633 1149 1694 Plauti

75 1717 204 1795 artisque
220 1717 324 1797 ignaro
337 1735 434 1795 neque
446 1716 668 1796 opinationibus
682 1717 769 1778 meris
781 1716 921 1796 impedito
933 1717 1050 1778 defendi
1061 1736 1149 1796 posse

74 1800 259 1863 ridebantur.
289 1819 470 1881 magnopere
485 1809 592 1876 autem,
609 1801 679 1863 dum
695 1801 827 1862 ultimam
839 1802 951 1881 primae
966 1802 1035 1863 huic
1051 1802 1149 1881 operis

74 1887 236 1965 particulae
258 1905 379 1947 manum
403 1887 540 1965 impono,
563 1886 704 1948 iudicium
727 1904 825 1947 meum
847 1886 955 1946 adiuvit
975 1886 1148 1948 amicissima

75 1971 287 2033 Wilamowitzii
304 1989 403 2050 opera.
421 1970 514 2031 —de
537 1971 640 2032 formis
656 1970 830 2050 quibusdam
853 1980 882 2031 et
903 1971 1147 2032 collocationibus

74 2054 232 2116 verborum
255 2056 362 2134 quibus
381 2055 451 2116 solis
471 2055 606 2116 Plautum
626 2075 713 2118 usum
735 2075 798 2117 esse
815 2055 956 2134 quosdam
979 2074 1061 2116 nune
1083 2075 1147 2117 cre·

74 2141 144 2202 dere
160 2141 244 2202 video
261 2160 321 2201 non
336 2141 516 2220 persuasisse
532 2141 602 2200 mibi
613 2141 692 2202 viros
702 2140 806 2201 doctos
822 2149 851 2201 et
864 2141 985 2201 omnino
998 2140 1146 2220 insignem

74 2225 221 2287 sermonis
235 2226 405 2286 varietatem
421 2243 489 2286 cum
505 2225 647 2303 singulari
662 2226 692 2285 iu
709 2225 772 2286 aliis
788 2224 877 2286 rebus
892 2225 1057 2286 constantia
1074 2244 1147 2286 con·

74 2310 206 2372 iunctam
221 2311 324 2371 Plauto
339 2329 386 2371 me
403 2311 518 2389 eripere
534 2310 664 2371 noluisse
680 2309 767 2390 periti
782 2304 865 2370 facile
882 2319 1074 2388 cognoscent.
1104 2310 1146 2371 vi-

74 2413 176 2457 rorum
195 2395 351 2456 doctorum
373 2395 494 2456 nomina
515 2413 719 2473 quaecumque
741 2395 797 2455 iam
821 2395 851 2455 in
867 2394 1019 2456 Ritschelii
1035 2394 1146 2455 Goetzii

74 2480 184 2542 Loewii
200 2479 379 2541 editionibus
393 2488 554 2540 memorata
576 2480 675 2541 inveni
691 2479 756 2540 loco
772 2498 831 2558 quo
851 2479 1027 2540 senteutiam
1043 2487 1147 2558 protu-

73 2566 174 2627 lerunt
201 2584 262 2626 non
289 2565 416 2626 indicato
444 2565 620 2644 nuncupavi.
662 2564 873 2625 accuratiorem
903 2581 1006 2624 eorum
1032 2572 1147 2625 tantum

74 2651 256 2724 mentionem
279 2651 335 2710 feci
355 2667 431 2729 quae
451 2657 553 2728 postea
571 2649 600 2709 in
624 2649 720 2709 lucem
741 2648 931 2728 prodierunt;
954 2649 1042 2728 paulo
1062 2648 1146 2727 plura

75 2754 163 2814 quam
184 2735 214 2796 in
230 2735 381 2814 prioribus
401 2734 496 2794 tribus
519 2736 554 2795 ad
569 2733 728 2796 Bacchides
750 2735 893 2795 adnotavi.
924 2733 974 2794 sed
992 2743 1021 2794 et
1037 2734 1146 2813 lugisse

74 2838 123 2880 me
139 2821 214 2880 baud
229 2838 322 2899 pauca
338 2827 410 2899 puto
423 2837 479 2879 nec
494 2838 565 2881 sane
577 2837 741 2880 memorare
757 2819 835 2879 volui
847 2836 1051 2897 quaecumque
1066 2818 1146 2897 lege-

77 2922 149 2979 ram,
165 2905 254 2965 immo
270 2914 367 2965 tacere
382 2904 484 2965 multa.

160 2990 202 3050 De
228 2989 352 3050 consilio
378 3007 445 3050 meo
471 2989 541 3049 satis
561 2989 710 3068 praelatus
731 3006 805 3049 sum.
842 2988 922 3067 quod
944 2987 969 3049 si
991 2986 1061 3066 quid
1083 3006 1144 3047 non

74 3074 179 3135 inutile
199 3073 339 3135 adiecisse
361 3073 484 3134 videbor
504 3081 549 3134 tot
569 3082 778 3151 tantorumque
798 3073 928 3134 virorum
955 3071 1057 3134 studiis
1078 3089 1145 3149 gra-

72 3159 191 3220 vissimo
213 3159 282 3218 huic
303 3159 485 3238 antiquitatis
508 3159 657 3219 Romanae
680 3166 872 3219 monumento
899 3157 1055 3230 dedicatis,
1083 3176 1143 3217 non

73 3244 198 3324 periisse
214 3262 334 3323 operam
350 3263 420 3304 saue
437 3263 497 3304 non
515 3243 706 3305 iniucundam
721 3242 865 3322 gaudebo.

158 3345 356 3406 Rostochii
378 3345 471 3406 Nonis
486 3345 625 3425 Augustis

752 3507 962 3578 Frlderlcus
984 3508 1058 3576 Leo
