2544 4364
56 200 181 251 rnre-m
500 183 693 238 AMPfflTRVO

120 355 215 416 anc.
260 354 371 416 Satirist
393 373 440 416 me
463 358 548 435 queri
571 358 620 418 fllo
643 358 731 420 modo
754 360 942 422 servitutemt'

121 440 209 501 hodie
232 439 283 519 qui
305 440 412 501 fuerim
434 441 519 515 liber,

120 530 189 586 edm
213 543 294 585 nunc
317 525 420 605 pottvit
440 531 525 604 pater
546 527 704 603 servitutis

121 610 170 671 hio
192 616 283 689 qudm
304 628 395 671 verna
417 616 525 673 natust.

55 696 122 757 Sos.
167 696 238 756 Sum
260 698 330 755 vero
352 713 421 756 vere
441 696 582 758 verbero:
648 715 721 757 num
743 704 870 759 numero
885 701 925 760 mi
947 701 979 762 in
997 708 1128 765 mantem

358 781 423 855 fuit,
1089 799 1132 849 130

54 866 100 926 dis
115 863 320 925 advenientem
335 866 442 944 gratias
499 885 554 946 pro
569 865 683 927 meritis
697 884 785 944 agere
800 877 888 945 atque
903 868 1035 948 alloquii

56 969 95 1012 nc
118 948 159 1010 illi
181 948 286 1028 edepol
308 950 333 1010 si
354 950 460 1011 merito
483 970 549 1012 meo
607 952 719 1013 referre
742 953 879 1014 studeant
901 955 1037 1033 gratiam,

10 1079 12 1085 ,
54 1034 182 1113 aliquem
197 1033 348 1095 hominem
363 1035 492 1114 allegent
505 1037 556 1115 qui
571 1035 643 1097 mihi
657 1036 825 1098 advenienti
841 1057 873 1099 os
891 1040 1007 1102 occillet
1023 1041 1128 1120 probe,

56 1119 197 1199 quoniam
206 1118 283 1180 bene
293 1138 369 1197 quae
380 1120 409 1181 in
423 1138 471 1181 me
482 1122 619 1182 fecerunt
633 1136 639 1145 ·
655 1121 770 1201 ingrata
781 1141 814 1183 ea
826 1122 916 1183 habui
930 1132 1018 1204 atque
1029 1126 1131 1188 inrita.

11 1235 13 1239 ⁴
55 1204 150 1265 blanc.
194 1203 276 1265 Facit
297 1205 347 1265 ille
370 1206 448 1282 quod
471 1207 555 1285 volgo
578 1205 656 1267 haud
671 1205 777 1282 solent,
820 1214 853 1267 ut
876 1209 947 1286 quid
969 1229 1001 1271 se
1024 1212 1062 1272 sit
1084 1212 1131 1273 di·

360 1307 453 1368 gnum
475 1291 556 1352 sciat.
1086 1306 1129 1359 lm

55 1375 119 1435 Sos.
135 1373 222 1444 Quod
233 1391 396 1453 numquam
407 1376 544 1454 opinatus
555 1376 598 1436 fui
646 1393 744 1454 neque
759 1376 833 1437 alius
848 1377 1003 1456 quisquam
1020 1381 1128 1443 civium

55 1458 112 1520 sibi
134 1465 317 1533 eventurum,
341 1460 370 1519 id
392 1460 526 1540 contigit,
591 1471 625 1520 ut
645 1459 715 1520 salvi
737 1469 908 1540 poteremur
933 1462 1022 1529 domi.

54 1544 182 1605 victores
203 1543 287 1604 victis
308 1543 442 1606 hostibus
507 1543 640 1625 legiones
661 1544 820 1607 reveniunt
840 1545 959 1607 domum

54 1628 154 1690 duello
177 1627 321 1688 exstincto
344 1647 481 1691 maxumo
504 1637 593 1707 atque
616 1630 806 1693 internecatis
827 1631 972 1693 hostibus.

55 1713 135 1791 quod
151 1713 243 1772 multa
257 1712 399 1774 Thebano
415 1715 506 1794 poplo
572 1714 678 1775 acerba
694 1712 801 1776 obiecit
815 1716 920 1776 funera
1086 1728 1130 1779 190

54 1799 84 1858 id
99 1797 126 1857 vi
141 1805 171 1858 et
184 1797 291 1858 virtute
306 1797 432 1859 militum
488 1800 596 1860 victum
612 1808 700 1876 atque
716 1807 916 1879 expugnatum
933 1801 1103 1880 oppidumst

55 1881 181 1962 imperio
197 1889 285 1961 atque
300 1883 432 1962 auspicio
448 1883 491 1943 eri
548 1881 607 1945 mei
621 1883 845 1961 Amphitruonis
860 1902 1005 1947 maxume.

55 1967 164 2047 praeda
179 1974 267 2044 atque
284 1986 353 2046 agro
370 1967 529 2047 adoriaque
545 1969 652 2029 adfecit
666 1969 826 2046 populares
842 1988 912 2030 suos

56 2052 178 2132 regique
193 2046 334 2113 Thebano
351 2052 458 2114 Creoni
474 2072 600 2132 reguum
616 2052 753 2114 stabilivit
768 2072 862 2115 suom.

55 2155 134 2198 mea
149 2145 237 2215 portu
252 2138 403 2216 praemisit
418 2139 547 2212 domum,
563 2149 597 2199 ut
639 2140 711 2199 haec
726 2140 862 2201 nuntiem
878 2140 964 2201 uxori
979 2160 1063 2202 suae:
1087 2152 1129 2203 195

54 2231 88 2283 ut
102 2221 228 2301 gesserit
240 2221 453 2301 rempublicam
512 2224 603 2284 ductu
618 2224 744 2301 imperio
760 2224 891 2302 auspicio
907 2244 970 2286 suo.

54 2326 89 2368 ea
104 2325 186 2367 nuno
200 2305 366 2368 meditabor
380 2326 440 2387 quo
455 2307 543 2369 modo
559 2308 601 2368 illi
616 2307 720 2383 dicam,
737 2327 828 2387 quom
843 2308 892 2369 illo
909 2311 1064 2372 advenero.

54 2391 80 2454 si
95 2391 196 2452 dixero
212 2392 408 2468 mendacium,
467 2394 567 2455 solens
583 2411 648 2453 meo
664 2411 746 2454 more
761 2395 870 2454 fecero.

55 2495 125 2538 nam
139 2495 230 2556 quom
244 2477 418 2556 pugnabant
433 2496 578 2552 maxume,
637 2497 691 2554 ego
707 2478 854 2556 fugiebam
871 2495 1015 2538 maxume.

54 2580 157 2622 verum
170 2562 253 2639 quasi
264 2561 407 2623 adfuerim
419 2571 517 2624 tamen
566 2562 710 2623 simulabo
722 2571 810 2640 atque
822 2562 919 2622 audita
932 2563 1062 2640 eloquar.
1086 2573 1129 2624 200

55 2645 108 2707 sbd
122 2666 182 2726 quo
197 2646 285 2707 modo
302 2656 331 2708 et
344 2647 442 2708 verbis
457 2647 566 2725 quihus
624 2665 672 2705 me
686 2648 788 2708 deceat
802 2646 969 2723 fabulenter,

55 2731 139 2810 prius
154 2731 349 2810 ipsemecum
365 2733 452 2793 etiam
466 2733 531 2793 volo
547 2732 597 2792 hic
654 2730 797 2792 meditari.
827 2733 869 2793 sic
884 2731 941 2793 hoc
955 2734 1127 2812 proloquar.

140 2815 292 2895 Principio
307 2825 340 2877 ut
354 2817 404 2877 illo
420 2816 601 2889 advenimus,
635 2816 688 2877 ubi
702 2818 832 2896 primum
848 2826 955 2877 terram
970 2818 1128 2897 tetigimus,

56 2901 201 2961 continuo
216 2901 390 2980 Amphitruo
408 2902 516 2981 delegit
572 2902 651 2962 viros
665 2902 830 2981 primorum
845 2902 1012 2980 principcs;

55 3004 107 3047 eos
121 2985 208 3066 legat,
223 2985 360 3052 Telebois
375 2986 456 3048 iubet
513 2986 691 3048 sententiam
706 2994 739 3046 ut
754 2986 854 3047 dicant
868 3005 966 3048 suam:
1087 2997 1130 3047 205

141 3188 198 3239 176.
218 3191 266 3239 177
286 3191 312 3238 ot
330 3189 387 3240 178.
405 3190 454 3240 179
472 3189 609 3238 coniuncti
680 3189 728 3240 178
746 3187 830 3253 poluit
847 3186 934 3237 13er
1003 3190 1052 3239 179
1070 3186 1129 3238 *hic

55 3255 100 3321 qui
116 3270 195 3307 verna
218 3259 294 3307 natus
316 3259 356 3307 est
379 3254 494 3322 queritur
510 3255 586 3309 codd.
603 3253 710 3307 Nonius
816 3257 864 3307 189
883 3253 940 3306 Sos.
959 3270 1009 3307 om.
1027 3254 1130 3317 BD¹ff;

55 3326 119 3374 item
135 3322 195 3383 fere
210 3325 241 3373 in
252 3339 290 3389 sq.
359 3338 419 3375 vere
437 3322 693 3386 tructarum1veraa
762 3323 840 3374 *nunt
852 3326 966 3384 numero]
986 3337 1053 3373 nuuc
1065 3337 1128 3374 vero

56 3391 146 3458 codd,
166 3405 272 3443 numero
292 3390 393 3442 Gallius
410 3390 522 3454 Nonius,
540 3407 600 3442 uum
618 3391 698 3442 verbo
716 3389 875 3441 actaeonem
945 3391 993 3442 182
1012 3389 1128 3442 studeam

54 3459 93 3510 8(ι
161 3458 255 3524 gratias
273 3459 358 3523 codd,
376 3474 445 3510 corr.
463 3457 573 3510 uentos
656 3460 705 3511 183
724 3459 826 3510 occillet
843 3459 997 3508 dubitanter
1014 3457 1062 3509 tc

55 3526 235 3594 1811111188ι
296 3529 343 3580 187
358 3528 497 3593 potiremur
548 3525 616 3578 domi
628 3525 856 3589 Nonius1domum
917 3528 966 3579 189
979 3526 1092 3578 extincto
1105 3526 1129 3579 d.

54 3593 258 3657 Flookotsanur5
274 3609 366 3645 uorsus
383 3599 520 3660 suspectus
580 3597 630 3648 199
648 3595 692 3661 qui
704 3594 778 3644 888
830 3593 926 3660 populo
991 3597 1038 3647 191
1057 3595 1129 3646 viuc-

54 3665 110 3714 tum
127 3663 164 3713 8ι
233 3664 281 3716 191
300 3663 350 3714 mei
369 3663 404 3714 eri
421 3662 609 3714 Floodeironus
676 3660 742 3721 fort.
761 3661 885 3727 imperiod
903 3661 1035 3726 auspiciod
1048 3667 1074 3713 et
1089 3678 1128 3727 eq.

54 3745 80 3781 v.
92 3728 204 3796 praedad
217 3729 295 3796 agrod
308 3729 411 3782 adoriad
423 3735 455 3780 ut
471 3734 501 3780 in
512 3730 638 3791 formulis
649 3728 695 3791 (of.
705 3730 778 3795 991);
796 3745 859 3779 nam
876 3729 1130 3781 aledramnum

54 3797 164 3848 uidetur·
180 3801 296 3863 originis
313 3814 366 3848 esre
384 3813 444 3848 crem
462 3814 486 3848 u.
505 3799 554 3849 197
572 3802 619 3864 qui
636 3798 734 3848 Brioeio
752 3803 791 3847 ort
805 3803 941 3862 suspectus
958 3797 1025 3861 (191.
1045 3799 1130 3850 197-

52 3865 107 3919 200
118 3865 287 3932 Ideudngio)
357 3868 405 3919 193
424 3880 485 3932 agro
504 3867 567 3933 [qui]
580 3866 723 3930 Vsaingiua
741 3865 795 3931 (qui
812 3867 842 3915 in
856 3867 916 3916 init.
928 3880 994 3914 vers.
1005 3866 1128 3932 Pylades)

57 3935 105 3986 199
123 3948 172 3999 ego
191 3937 262 3998 [tum]
279 3934 316 3985 13²
385 3937 435 3986 199
453 3939 628 3986 verumtamen
645 3935 670 3984 8
739 3935 789 3985 202
807 3933 829 3983 si
847 3933 896 3984 hoo
914 3933 938 3982 8
955 3931 1061 3982 Nonius
