<?xml version="1.0" encoding="UTF-8"?>
<!DOCTYPE html PUBLIC "-//W3C//DTD XHTML 1.0 Transitional//EN"
    "http://www.w3.org/TR/xhtml1/DTD/xhtml1-transitional.dtd">
<html xmlns="http://www.w3.org/1999/xhtml" xml:lang="en" lang="en">
 <head>
  <title>
</title>
<meta http-equiv="Content-Type" content="text/html;charset=utf-8" />
  <meta name='ocr-system' content='tesseract 3.04.00' />
  <meta name='ocr-capabilities' content='ocr_page ocr_carea ocr_par ocr_line ocrx_word'/>
</head>
<body>
  <div class='ocr_page' id='page_1' title='image "./tmacciplauticom01leogoog_0039.png"; bbox 0 0 2544 4364; ppageno 0'>
   <div class='ocr_carea' id='block_1_1' title="bbox 125 162 1208 232">
    <p class='ocr_par' dir='ltr' id='par_1_1' title="bbox 125 162 1208 232">
     <span class='ocr_line' id='line_1_1' title="bbox 125 162 1208 232; baseline 0.013 -21"><span class='ocrx_word' id='word_1_1' title='bbox 125 164 170 226; x_wconf 81' lang='lat'>24</span> <span class='ocrx_word' id='word_1_2' title='bbox 608 162 728 217; x_wconf 78' lang='lat' dir='ltr'>Puavrr</span> <span class='ocrx_word' id='word_1_3' title='bbox 1080 181 1119 232; x_wconf 83' lang='grc'>15,</span> <span class='ocrx_word' id='word_1_4' title='bbox 1128 184 1208 225; x_wconf 82' lang='grc'><strong>55-55</strong></span> 
     </span>
    </p>
   </div>
   <div class='ocr_carea' id='block_1_2' title="bbox 73 335 1210 2095">
    <p class='ocr_par' dir='ltr' id='par_1_2' title="bbox 127 335 1209 417">
     <span class='ocr_line' id='line_1_2' title="bbox 127 335 1209 417; baseline 0 -18"><span class='ocrx_word' id='word_1_5' title='bbox 127 356 162 399; x_wconf 91' lang='lat' dir='ltr'>ea</span> <span class='ocrx_word' id='word_1_6' title='bbox 177 336 230 398; x_wconf 90' lang='lat' dir='ltr'>tibi</span> <span class='ocrx_word' id='word_1_7' title='bbox 249 336 348 398; x_wconf 91' lang='lat' dir='ltr'>omnia</span> <span class='ocrx_word' id='word_1_8' title='bbox 364 335 506 397; x_wconf 81' lang='lat' dir='ltr'>enarravi.</span> <span class='ocrx_word' id='word_1_9' title='bbox 536 335 593 398; x_wconf 88' lang='lat' dir='ltr'>nisi</span> <span class='ocrx_word' id='word_1_10' title='bbox 609 345 637 398; x_wconf 91' lang='lat' dir='ltr'>te</span> <span class='ocrx_word' id='word_1_11' title='bbox 653 355 781 398; x_wconf 90' lang='lat' dir='ltr'>amarem</span> <span class='ocrx_word' id='word_1_12' title='bbox 797 337 978 417; x_wconf 83' lang='lat' dir='ltr'><strong>plurumum,</strong></span> <span class='ocrx_word' id='word_1_13' title='bbox 1162 350 1209 400; x_wconf 79' lang='grc'>515</span> 
     </span>
    </p>

    <p class='ocr_par' dir='ltr' id='par_1_3' title="bbox 128 419 1165 503">
     <span class='ocr_line' id='line_1_3' title="bbox 128 419 1165 503; baseline 0 -20"><span class='ocrx_word' id='word_1_14' title='bbox 128 441 190 483; x_wconf 91' lang='lat' dir='ltr'>non</span> <span class='ocrx_word' id='word_1_15' title='bbox 209 423 346 483; x_wconf 83' lang='lat' dir='ltr'>lacerem.</span> <span class='ocrx_word' id='word_1_16' title='bbox 384 421 478 481; x_wconf 84' lang='grc'><strong>11555.</strong></span> <span class='ocrx_word' id='word_1_17' title='bbox 495 419 615 482; x_wconf 79' lang='lat' dir='ltr'>Facitne</span> <span class='ocrx_word' id='word_1_18' title='bbox 631 430 664 502; x_wconf 73' lang='lat' dir='ltr'>ut</span> <span class='ocrx_word' id='word_1_19' title='bbox 679 419 761 483; x_wconf 84' lang='lat' dir='ltr'>diri‘l</span> <span class='ocrx_word' id='word_1_20' title='bbox 776 421 907 482; x_wconf 91' lang='lat' dir='ltr'>timidam</span> <span class='ocrx_word' id='word_1_21' title='bbox 923 421 1010 503; x_wconf 85' lang='lat' dir='ltr'>palpo</span> <span class='ocrx_word' id='word_1_22' title='bbox 1026 423 1165 502; x_wconf 88' lang='lat' dir='ltr'>percutit.</span> 
     </span>
    </p>

    <p class='ocr_par' dir='ltr' id='par_1_4' title="bbox 129 504 1207 585">
     <span class='ocr_line' id='line_1_4' title="bbox 129 504 1207 585; baseline 0.002 -17"><span class='ocrx_word' id='word_1_23' title='bbox 129 509 205 569; x_wconf 83' lang='grc'><strong>1555.</strong></span> <span class='ocrx_word' id='word_1_24' title='bbox 235 507 332 580; x_wconf 88' lang='grc' dir='ltr'><strong>Ν555,</strong></span> <span class='ocrx_word' id='word_1_25' title='bbox 347 523 386 566; x_wconf 86' lang='lat' dir='ltr'>ne</span> <span class='ocrx_word' id='word_1_26' title='bbox 401 504 479 584; x_wconf 79' lang='lat' dir='ltr'>legio</span> <span class='ocrx_word' id='word_1_27' title='bbox 495 506 705 584; x_wconf 79' lang='lat' dir='ltr'><strong>persentiscat,</strong></span> <span class='ocrx_word' id='word_1_28' title='bbox 722 506 796 569; x_wconf 92' lang='lat' dir='ltr'>clam</span> <span class='ocrx_word' id='word_1_29' title='bbox 811 506 881 568; x_wconf 91' lang='lat' dir='ltr'>illuc</span> <span class='ocrx_word' id='word_1_30' title='bbox 895 507 1108 570; x_wconf 89' lang='lat' dir='ltr'>redeundumst</span> <span class='ocrx_word' id='word_1_31' title='bbox 1123 509 1207 585; x_wconf 92' lang='lat' dir='ltr'>mihi,</span> 
     </span>
    </p>

    <p class='ocr_par' dir='ltr' id='par_1_5' title="bbox 129 590 975 672">
     <span class='ocr_line' id='line_1_5' title="bbox 129 590 975 672; baseline -0.002 -18"><span class='ocrx_word' id='word_1_32' title='bbox 129 612 168 655; x_wconf 92' lang='lat' dir='ltr'>ne</span> <span class='ocrx_word' id='word_1_33' title='bbox 183 610 231 653; x_wconf 86' lang='lat' dir='ltr'>me</span> <span class='ocrx_word' id='word_1_34' title='bbox 247 608 371 652; x_wconf 81' lang='lat' dir='ltr'>uxorem</span> <span class='ocrx_word' id='word_1_35' title='bbox 387 590 582 670; x_wconf 84' lang='lat' dir='ltr'>praevortisse</span> <span class='ocrx_word' id='word_1_36' title='bbox 598 590 698 653; x_wconf 89' lang='lat' dir='ltr'>dicant</span> <span class='ocrx_word' id='word_1_37' title='bbox 711 610 783 672; x_wconf 83' lang='lat' dir='ltr'>prae</span> <span class='ocrx_word' id='word_1_38' title='bbox 798 608 831 653; x_wconf 89' lang='lat' dir='ltr'>re</span> <span class='ocrx_word' id='word_1_39' title='bbox 846 591 975 672; x_wconf 86' lang='lat' dir='ltr'>publica.</span> 
     </span>
    </p>

    <p class='ocr_par' dir='ltr' id='par_1_6' title="bbox 130 675 1207 834">
     <span class='ocr_line' id='line_1_6' title="bbox 130 675 1207 739; baseline 0 -1"><span class='ocrx_word' id='word_1_40' title='bbox 130 680 199 739; x_wconf 81' lang='grc'><strong>455.</strong></span> <span class='ocrx_word' id='word_1_41' title='bbox 229 677 457 737; x_wconf 82' lang='lat' dir='ltr'><strong>Lacrumantem</strong></span> <span class='ocrx_word' id='word_1_42' title='bbox 481 693 517 735; x_wconf 84' lang='lat' dir='ltr'>er</span> <span class='ocrx_word' id='word_1_43' title='bbox 531 675 613 737; x_wconf 87' lang='lat' dir='ltr'>abitu</span> <span class='ocrx_word' id='word_1_44' title='bbox 629 677 793 738; x_wconf 90' lang='lat' dir='ltr'>concinnas</span> <span class='ocrx_word' id='word_1_45' title='bbox 808 685 839 737; x_wconf 90' lang='lat' dir='ltr'>tu</span> <span class='ocrx_word' id='word_1_46' title='bbox 857 687 937 738; x_wconf 88' lang='lat' dir='ltr'>tuam</span> <span class='ocrx_word' id='word_1_47' title='bbox 952 694 1085 738; x_wconf 85' lang='lat' dir='ltr'>uxorem.</span> <span class='ocrx_word' id='word_1_48' title='bbox 1130 677 1207 738; x_wconf 80' lang='grc'><strong>1555.</strong></span> 
     </span>
     <span class='ocr_line' id='line_1_7' title="bbox 439 759 526 834; baseline 0.034 -16"><span class='ocrx_word' id='word_1_49' title='bbox 439 759 526 834; x_wconf 87' lang='grc' dir='ltr'><strong>Τ555,</strong></span> 
     </span>
    </p>

    <p class='ocr_par' dir='ltr' id='par_1_7' title="bbox 73 844 1210 927">
     <span class='ocr_line' id='line_1_8' title="bbox 73 844 1210 927; baseline 0.001 -20"><span class='ocrx_word' id='word_1_50' title='bbox 73 923 75 927; x_wconf 10' lang='grc' dir='ltr'><em>Α</em></span> <span class='ocrx_word' id='word_1_51' title='bbox 130 865 169 907; x_wconf 89' lang='lat' dir='ltr'>ne</span> <span class='ocrx_word' id='word_1_52' title='bbox 182 863 342 925; x_wconf 90' lang='lat' dir='ltr'>corrumpe</span> <span class='ocrx_word' id='word_1_53' title='bbox 355 844 467 918; x_wconf 92' lang='lat' dir='ltr'>oculos,</span> <span class='ocrx_word' id='word_1_54' title='bbox 481 844 584 906; x_wconf 81' lang='lat' dir='ltr'>redibo</span> <span class='ocrx_word' id='word_1_55' title='bbox 601 853 741 907; x_wconf 87' lang='lat' dir='ltr'>actutum.</span> <span class='ocrx_word' id='word_1_56' title='bbox 771 845 841 906; x_wconf 80' lang='grc'><strong>455.</strong></span> <span class='ocrx_word' id='word_1_57' title='bbox 864 845 898 907; x_wconf 93' lang='lat' dir='ltr'>ld</span> <span class='ocrx_word' id='word_1_58' title='bbox 909 854 1041 908; x_wconf 88' lang='lat' dir='ltr'>actutum</span> <span class='ocrx_word' id='word_1_59' title='bbox 1053 847 1141 909; x_wconf 91' lang='lat' dir='ltr'>diust.</span> <span class='ocrx_word' id='word_1_60' title='bbox 1163 858 1210 908; x_wconf 83' lang='grc'>550</span> 
     </span>
    </p>

    <p class='ocr_par' dir='ltr' id='par_1_8' title="bbox 130 929 1207 1090">
     <span class='ocr_line' id='line_1_9' title="bbox 130 929 1207 1011; baseline 0.001 -20"><span class='ocrx_word' id='word_1_61' title='bbox 130 931 206 992; x_wconf 81' lang='lat' dir='ltr'>lvrr.</span> <span class='ocrx_word' id='word_1_62' title='bbox 236 930 303 992; x_wconf 89' lang='lat' dir='ltr'>Nou</span> <span class='ocrx_word' id='word_1_63' title='bbox 319 948 375 1011; x_wconf 81' lang='lat' dir='ltr'>ego</span> <span class='ocrx_word' id='word_1_64' title='bbox 390 938 420 991; x_wconf 89' lang='grc'>55</span> <span class='ocrx_word' id='word_1_65' title='bbox 435 929 483 990; x_wconf 84' lang='grc'><strong>1515</strong></span> <span class='ocrx_word' id='word_1_66' title='bbox 498 929 606 993; x_wconf 92' lang='lat' dir='ltr'>lubens</span> <span class='ocrx_word' id='word_1_67' title='bbox 622 930 759 1010; x_wconf 89' lang='lat' dir='ltr'>relinquo</span> <span class='ocrx_word' id='word_1_68' title='bbox 775 950 873 1011; x_wconf 88' lang='lat' dir='ltr'>neque</span> <span class='ocrx_word' id='word_1_69' title='bbox 896 931 969 993; x_wconf 89' lang='lat' dir='ltr'>abeo</span> <span class='ocrx_word' id='word_1_70' title='bbox 986 932 1091 994; x_wconf 90' lang='lat' dir='ltr'>abste.</span> <span class='ocrx_word' id='word_1_71' title='bbox 1137 934 1207 993; x_wconf 77' lang='lat' dir='ltr'>Aac.</span> 
     </span>
     <span class='ocr_line' id='line_1_10' title="bbox 438 1014 551 1090; baseline 0.009 -15"><span class='ocrx_word' id='word_1_72' title='bbox 438 1014 551 1090; x_wconf 87' lang='lat' dir='ltr'>Sentio,</span> 
     </span>
    </p>

    <p class='ocr_par' dir='ltr' id='par_1_9' title="bbox 132 1097 1209 1179">
     <span class='ocr_line' id='line_1_11' title="bbox 132 1097 1209 1179; baseline 0 -18"><span class='ocrx_word' id='word_1_73' title='bbox 132 1118 200 1161; x_wconf 91' lang='lat' dir='ltr'>nam</span> <span class='ocrx_word' id='word_1_74' title='bbox 216 1117 273 1179; x_wconf 89' lang='lat' dir='ltr'>qua</span> <span class='ocrx_word' id='word_1_75' title='bbox 290 1107 379 1160; x_wconf 93' lang='lat' dir='ltr'>nocte</span> <span class='ocrx_word' id='word_1_76' title='bbox 394 1098 430 1159; x_wconf 93' lang='lat' dir='ltr'>ad</span> <span class='ocrx_word' id='word_1_77' title='bbox 441 1118 488 1160; x_wconf 91' lang='lat' dir='ltr'>me</span> <span class='ocrx_word' id='word_1_78' title='bbox 500 1100 616 1175; x_wconf 85' lang='lat' dir='ltr'>venisti,</span> <span class='ocrx_word' id='word_1_79' title='bbox 631 1100 734 1161; x_wconf 90' lang='lat' dir='ltr'>eadem</span> <span class='ocrx_word' id='word_1_80' title='bbox 745 1098 817 1161; x_wconf 91' lang='lat' dir='ltr'>abis.</span> <span class='ocrx_word' id='word_1_81' title='bbox 862 1100 937 1161; x_wconf 79' lang='lat' dir='ltr'>lvrr.</span> <span class='ocrx_word' id='word_1_82' title='bbox 960 1100 1020 1163; x_wconf 86' lang='lat' dir='ltr'>Cur</span> <span class='ocrx_word' id='word_1_83' title='bbox 1034 1118 1082 1162; x_wconf 94' lang='lat' dir='ltr'>me</span> <span class='ocrx_word' id='word_1_84' title='bbox 1097 1097 1209 1162; x_wconf 75' lang='grc'><strong>555551</strong></span> 
     </span>
    </p>

    <p class='ocr_par' dir='ltr' id='par_1_10' title="bbox 131 1180 1024 1268">
     <span class='ocr_line' id='line_1_12' title="bbox 131 1180 1024 1268; baseline 0.001 -22"><span class='ocrx_word' id='word_1_85' title='bbox 131 1194 249 1265; x_wconf 87' lang='lat' dir='ltr'>tempus</span> <span class='ocrx_word' id='word_1_86' title='bbox 266 1180 349 1268; x_wconf 86' lang='lat' dir='ltr'>[est]:</span> <span class='ocrx_word' id='word_1_87' title='bbox 365 1184 446 1245; x_wconf 83' lang='lat' dir='ltr'>exire</span> <span class='ocrx_word' id='word_1_88' title='bbox 462 1202 497 1245; x_wconf 85' lang='lat' dir='ltr'>ex</span> <span class='ocrx_word' id='word_1_89' title='bbox 513 1185 587 1245; x_wconf 93' lang='lat' dir='ltr'>urbe</span> <span class='ocrx_word' id='word_1_90' title='bbox 602 1185 789 1265; x_wconf 87' lang='lat' dir='ltr'>priusquam</span> <span class='ocrx_word' id='word_1_91' title='bbox 804 1185 1024 1247; x_wconf 86' lang='lat' dir='ltr'>lucescatvolo.</span> 
     </span>
    </p>

    <p class='ocr_par' dir='ltr' id='par_1_11' title="bbox 132 1269 1157 1349">
     <span class='ocr_line' id='line_1_13' title="bbox 132 1269 1157 1349; baseline 0 -18"><span class='ocrx_word' id='word_1_92' title='bbox 132 1288 215 1331; x_wconf 92' lang='lat' dir='ltr'>nuuc</span> <span class='ocrx_word' id='word_1_93' title='bbox 230 1269 283 1330; x_wconf 85' lang='lat' dir='ltr'>tibi</span> <span class='ocrx_word' id='word_1_94' title='bbox 297 1269 375 1330; x_wconf 92' lang='lat' dir='ltr'>banc</span> <span class='ocrx_word' id='word_1_95' title='bbox 390 1276 531 1349; x_wconf 89' lang='lat' dir='ltr'>pateram,</span> <span class='ocrx_word' id='word_1_96' title='bbox 548 1287 623 1348; x_wconf 90' lang='lat' dir='ltr'>quae</span> <span class='ocrx_word' id='word_1_97' title='bbox 638 1270 718 1331; x_wconf 93' lang='lat' dir='ltr'>dono</span> <span class='ocrx_word' id='word_1_98' title='bbox 733 1270 775 1331; x_wconf 94' lang='lat' dir='ltr'>mi</span> <span class='ocrx_word' id='word_1_99' title='bbox 789 1270 831 1331; x_wconf 91' lang='lat' dir='ltr'>illi</span> <span class='ocrx_word' id='word_1_100' title='bbox 846 1269 886 1331; x_wconf 92' lang='lat' dir='ltr'>ob</span> <span class='ocrx_word' id='word_1_101' title='bbox 901 1271 1040 1332; x_wconf 84' lang='lat' dir='ltr'>virtutem</span> <span class='ocrx_word' id='word_1_102' title='bbox 1055 1271 1157 1346; x_wconf 89' lang='lat' dir='ltr'>datast,</span> 
     </span>
    </p>

    <p class='ocr_par' dir='ltr' id='par_1_12' title="bbox 132 1354 1209 1434">
     <span class='ocr_line' id='line_1_14' title="bbox 132 1354 1209 1434; baseline -0.002 -18"><span class='ocrx_word' id='word_1_103' title='bbox 132 1354 247 1416; x_wconf 82' lang='lat' dir='ltr'>Pterela</span> <span class='ocrx_word' id='word_1_104' title='bbox 262 1372 316 1416; x_wconf 84' lang='lat' dir='ltr'>rex</span> <span class='ocrx_word' id='word_1_105' title='bbox 330 1354 381 1433; x_wconf 87' lang='lat' dir='ltr'>qui</span> <span class='ocrx_word' id='word_1_106' title='bbox 396 1355 539 1434; x_wconf 86' lang='lat' dir='ltr'>potitavit,</span> <span class='ocrx_word' id='word_1_107' title='bbox 555 1373 643 1434; x_wconf 90' lang='lat' dir='ltr'>quem</span> <span class='ocrx_word' id='word_1_108' title='bbox 659 1372 714 1434; x_wconf 80' lang='lat' dir='ltr'>ego</span> <span class='ocrx_word' id='word_1_109' title='bbox 729 1373 795 1416; x_wconf 90' lang='lat' dir='ltr'>mea</span> <span class='ocrx_word' id='word_1_110' title='bbox 811 1355 906 1417; x_wconf 92' lang='lat' dir='ltr'>occidi</span> <span class='ocrx_word' id='word_1_111' title='bbox 920 1373 1021 1430; x_wconf 92' lang='lat' dir='ltr'>manu,</span> <span class='ocrx_word' id='word_1_112' title='bbox 1163 1364 1209 1414; x_wconf 80' lang='grc'>555</span> 
     </span>
    </p>

    <p class='ocr_par' dir='ltr' id='par_1_13' title="bbox 131 1439 1055 1514">
     <span class='ocr_line' id='line_1_15' title="bbox 131 1439 1055 1514; baseline 0.001 -14"><span class='ocrx_word' id='word_1_113' title='bbox 131 1440 303 1514; x_wconf 80' lang='lat' dir='ltr'>Alcumena,</span> <span class='ocrx_word' id='word_1_114' title='bbox 319 1439 373 1500; x_wconf 85' lang='lat' dir='ltr'>tibi</span> <span class='ocrx_word' id='word_1_115' title='bbox 389 1441 537 1501; x_wconf 91' lang='lat' dir='ltr'>condono.</span> <span class='ocrx_word' id='word_1_116' title='bbox 582 1441 651 1501; x_wconf 81' lang='grc'><strong>455.</strong></span> <span class='ocrx_word' id='word_1_117' title='bbox 675 1439 758 1503; x_wconf 84' lang='lat' dir='ltr'>Facis</span> <span class='ocrx_word' id='word_1_118' title='bbox 773 1447 807 1501; x_wconf 89' lang='lat' dir='ltr'>ut</span> <span class='ocrx_word' id='word_1_119' title='bbox 821 1440 893 1503; x_wconf 90' lang='lat' dir='ltr'>alias</span> <span class='ocrx_word' id='word_1_120' title='bbox 906 1458 954 1502; x_wconf 88' lang='lat' dir='ltr'>res</span> <span class='ocrx_word' id='word_1_121' title='bbox 969 1440 1055 1504; x_wconf 91' lang='lat' dir='ltr'>soles.</span> 
     </span>
    </p>

    <p class='ocr_par' dir='ltr' id='par_1_14' title="bbox 132 1524 1003 1603">
     <span class='ocr_line' id='line_1_16' title="bbox 132 1524 1003 1603; baseline 0 -17"><span class='ocrx_word' id='word_1_122' title='bbox 132 1533 248 1587; x_wconf 82' lang='lat' dir='ltr'>ecastor</span> <span class='ocrx_word' id='word_1_123' title='bbox 263 1524 445 1603; x_wconf 82' lang='lat' dir='ltr'>condignum</span> <span class='ocrx_word' id='word_1_124' title='bbox 460 1524 582 1599; x_wconf 89' lang='lat' dir='ltr'>donum,</span> <span class='ocrx_word' id='word_1_125' title='bbox 598 1524 772 1603; x_wconf 90' lang='lat' dir='ltr'>qualist·qui</span> <span class='ocrx_word' id='word_1_126' title='bbox 787 1526 900 1587; x_wconf 94' lang='lat' dir='ltr'>donum</span> <span class='ocrx_word' id='word_1_127' title='bbox 914 1525 1003 1586; x_wconf 88' lang='lat' dir='ltr'>dedit.</span> 
     </span>
    </p>

    <p class='ocr_par' dir='ltr' id='par_1_15' title="bbox 131 1607 1208 1689">
     <span class='ocr_line' id='line_1_17' title="bbox 131 1607 1208 1689; baseline -0.003 -19"><span class='ocrx_word' id='word_1_128' title='bbox 131 1610 232 1670; x_wconf 61' lang='grc'><strong>111555,</strong></span> <span class='ocrx_word' id='word_1_129' title='bbox 270 1608 363 1671; x_wconf 92' lang='lat' dir='ltr'>Immo</span> <span class='ocrx_word' id='word_1_130' title='bbox 386 1610 428 1670; x_wconf 90' lang='lat' dir='ltr'>sic</span> <span class='ocrx_word' id='word_1_131' title='bbox 455 1609 637 1689; x_wconf 82' lang='lat' dir='ltr'>condignum</span> <span class='ocrx_word' id='word_1_132' title='bbox 664 1611 791 1684; x_wconf 92' lang='lat' dir='ltr'>donum,</span> <span class='ocrx_word' id='word_1_133' title='bbox 821 1610 927 1689; x_wconf 88' lang='lat' dir='ltr'>qualist</span> <span class='ocrx_word' id='word_1_134' title='bbox 955 1609 1026 1689; x_wconf 89' lang='lat' dir='ltr'>quoi</span> <span class='ocrx_word' id='word_1_135' title='bbox 1054 1607 1133 1670; x_wconf 92' lang='lat' dir='ltr'>douo</span> <span class='ocrx_word' id='word_1_136' title='bbox 1156 1609 1208 1668; x_wconf 92' lang='lat' dir='ltr'>da-</span> 
     </span>
    </p>

    <p class='ocr_par' dir='ltr' id='par_1_16' title="bbox 369 1702 538 1756">
     <span class='ocr_line' id='line_1_18' title="bbox 369 1702 538 1756; baseline -0.012 0"><span class='ocrx_word' id='word_1_137' title='bbox 369 1712 371 1716; x_wconf 86' lang='lat'>·</span> <span class='ocrx_word' id='word_1_138' title='bbox 437 1702 538 1756; x_wconf 85' lang='lat' dir='ltr'>tumst.</span> 
     </span>
    </p>

    <p class='ocr_par' dir='ltr' id='par_1_17' title="bbox 133 1776 1175 1860">
     <span class='ocr_line' id='line_1_19' title="bbox 133 1776 1175 1860; baseline 0 -22"><span class='ocrx_word' id='word_1_139' title='bbox 133 1778 208 1840; x_wconf 77' lang='grc'><strong>1555.</strong></span> <span class='ocrx_word' id='word_1_140' title='bbox 239 1778 347 1856; x_wconf 81' lang='lat' dir='ltr'>Pergin</span> <span class='ocrx_word' id='word_1_141' title='bbox 363 1777 483 1842; x_wconf 80' lang='lat' dir='ltr'>autem?</span> <span class='ocrx_word' id='word_1_142' title='bbox 498 1797 601 1841; x_wconf 89' lang='lat' dir='ltr'>nonne</span> <span class='ocrx_word' id='word_1_143' title='bbox 617 1798 672 1858; x_wconf 82' lang='lat' dir='ltr'>ego</span> <span class='ocrx_word' id='word_1_144' title='bbox 688 1796 819 1859; x_wconf 90' lang='lat' dir='ltr'>possum,</span> <span class='ocrx_word' id='word_1_145' title='bbox 835 1779 969 1854; x_wconf 78' lang='lat' dir='ltr'>furcifer,</span> <span class='ocrx_word' id='word_1_146' title='bbox 984 1787 1014 1841; x_wconf 90' lang='grc'>15</span> <span class='ocrx_word' id='word_1_147' title='bbox 1027 1776 1175 1860; x_wconf 74' lang='lat' dir='ltr'>perdere?</span> 
     </span>
    </p>

    <p class='ocr_par' dir='ltr' id='par_1_18' title="bbox 133 1862 1210 1944">
     <span class='ocr_line' id='line_1_20' title="bbox 133 1862 1210 1944; baseline -0.001 -20"><span class='ocrx_word' id='word_1_148' title='bbox 133 1866 202 1925; x_wconf 80' lang='grc'><strong>455.</strong></span> <span class='ocrx_word' id='word_1_149' title='bbox 231 1862 298 1924; x_wconf 87' lang='lat' dir='ltr'>Noli</span> <span class='ocrx_word' id='word_1_150' title='bbox 313 1864 426 1940; x_wconf 92' lang='lat' dir='ltr'>amabo,</span> <span class='ocrx_word' id='word_1_151' title='bbox 442 1864 628 1944; x_wconf 78' lang='lat' dir='ltr'>Amphitruo,</span> <span class='ocrx_word' id='word_1_152' title='bbox 644 1863 730 1926; x_wconf 86' lang='lat' dir='ltr'>irasci</span> <span class='ocrx_word' id='word_1_153' title='bbox 743 1864 845 1926; x_wconf 87' lang='lat' dir='ltr'>Sosiae</span> <span class='ocrx_word' id='word_1_154' title='bbox 860 1881 948 1927; x_wconf 88' lang='lat' dir='ltr'>causa</span> <span class='ocrx_word' id='word_1_155' title='bbox 962 1882 1036 1925; x_wconf 87' lang='lat' dir='ltr'>mea.</span> <span class='ocrx_word' id='word_1_156' title='bbox 1164 1873 1210 1923; x_wconf 85' lang='grc'>510</span> 
     </span>
    </p>

    <p class='ocr_par' dir='ltr' id='par_1_19' title="bbox 132 1947 1208 2095">
     <span class='ocr_line' id='line_1_21' title="bbox 132 1947 1208 2027; baseline -0.001 -18"><span class='ocrx_word' id='word_1_157' title='bbox 132 1948 208 2010; x_wconf 77' lang='lat' dir='ltr'>lura.</span> <span class='ocrx_word' id='word_1_158' title='bbox 238 1947 356 2010; x_wconf 85' lang='lat' dir='ltr'>Faciam</span> <span class='ocrx_word' id='word_1_159' title='bbox 371 1951 410 2010; x_wconf 90' lang='lat' dir='ltr'>ita</span> <span class='ocrx_word' id='word_1_160' title='bbox 425 1957 458 2010; x_wconf 89' lang='lat' dir='ltr'>ut</span> <span class='ocrx_word' id='word_1_161' title='bbox 471 1948 523 2010; x_wconf 86' lang='lat' dir='ltr'>vis.</span> <span class='ocrx_word' id='word_1_162' title='bbox 566 1949 661 2010; x_wconf 85' lang='lat' dir='ltr'>bisse.</span> <span class='ocrx_word' id='word_1_163' title='bbox 691 1948 736 2010; x_wconf 83' lang='lat' dir='ltr'>llx</span> <span class='ocrx_word' id='word_1_164' title='bbox 757 1967 857 2010; x_wconf 91' lang='lat' dir='ltr'>amore</span> <span class='ocrx_word' id='word_1_165' title='bbox 872 1949 920 2010; x_wconf 92' lang='lat' dir='ltr'>bic</span> <span class='ocrx_word' id='word_1_166' title='bbox 939 1948 1097 2010; x_wconf 87' lang='lat' dir='ltr'>admodum</span> <span class='ocrx_word' id='word_1_167' title='bbox 1118 1965 1208 2027; x_wconf 90' lang='lat' dir='ltr'>quam</span> 
     </span>
     <span class='ocr_line' id='line_1_22' title="bbox 437 2041 607 2095; baseline 0.006 -2"><span class='ocrx_word' id='word_1_168' title='bbox 437 2051 539 2094; x_wconf 84' lang='lat' dir='ltr'>saeros</span> <span class='ocrx_word' id='word_1_169' title='bbox 554 2041 607 2095; x_wconf 89' lang='grc'><strong>551.</strong></span> 
     </span>
    </p>
   </div>
   <div class='ocr_carea' id='block_1_3' title="bbox 40 2114 1209 2201">
    <p class='ocr_par' dir='ltr' id='par_1_20' title="bbox 40 2114 1209 2201">
     <span class='ocr_line' id='line_1_23' title="bbox 40 2114 1209 2201; baseline -0.001 -23"><span class='ocrx_word' id='word_1_170' title='bbox 40 2136 45 2149; x_wconf 90' lang='lat'>··</span> <span class='ocrx_word' id='word_1_171' title='bbox 133 2117 208 2178; x_wconf 82' lang='lat' dir='ltr'>lvrr.</span> <span class='ocrx_word' id='word_1_172' title='bbox 237 2116 387 2201; x_wconf 83' lang='lat' dir='ltr'>Numquid</span> <span class='ocrx_word' id='word_1_173' title='bbox 401 2114 466 2180; x_wconf 78' lang='lat' dir='ltr'>ris?</span> <span class='ocrx_word' id='word_1_174' title='bbox 510 2119 579 2179; x_wconf 81' lang='grc'><strong>455.</strong></span> <span class='ocrx_word' id='word_1_175' title='bbox 608 2117 645 2178; x_wconf 86' lang='lat' dir='ltr'>Vt</span> <span class='ocrx_word' id='word_1_176' title='bbox 660 2135 750 2196; x_wconf 88' lang='lat' dir='ltr'>quom</span> <span class='ocrx_word' id='word_1_177' title='bbox 765 2116 859 2180; x_wconf 89' lang='lat' dir='ltr'>absim</span> <span class='ocrx_word' id='word_1_178' title='bbox 874 2135 922 2179; x_wconf 91' lang='lat' dir='ltr'>me</span> <span class='ocrx_word' id='word_1_179' title='bbox 942 2134 1037 2191; x_wconf 89' lang='lat' dir='ltr'>ames,</span> <span class='ocrx_word' id='word_1_180' title='bbox 1057 2135 1104 2178; x_wconf 93' lang='lat' dir='ltr'>me</span> <span class='ocrx_word' id='word_1_181' title='bbox 1126 2126 1209 2178; x_wconf 93' lang='lat' dir='ltr'>tuam</span> 
     </span>
    </p>
   </div>
   <div class='ocr_carea' id='block_1_4' title="bbox 133 2202 1212 3128">
    <p class='ocr_par' dir='ltr' id='par_1_21' title="bbox 402 2202 742 2268">
     <span class='ocr_line' id='line_1_24' title="bbox 402 2202 742 2268; baseline -0.012 0"><span class='ocrx_word' id='word_1_182' title='bbox 402 2262 405 2268; x_wconf 17' lang='grc' dir='ltr'><strong><em>Δ</em></strong></span> <span class='ocrx_word' id='word_1_183' title='bbox 441 2210 470 2263; x_wconf 94' lang='grc'>15</span> <span class='ocrx_word' id='word_1_184' title='bbox 487 2202 742 2264; x_wconf 87' lang='lat' dir='ltr'>absenteitameu.</span> 
     </span>
    </p>

    <p class='ocr_par' dir='ltr' id='par_1_22' title="bbox 133 2284 1211 2433">
     <span class='ocr_line' id='line_1_25' title="bbox 133 2284 1211 2367; baseline 0 -20"><span class='ocrx_word' id='word_1_185' title='bbox 133 2285 228 2347; x_wconf 81' lang='lat' dir='ltr'>binae.</span> <span class='ocrx_word' id='word_1_186' title='bbox 258 2284 384 2361; x_wconf 83' lang='lat' dir='ltr'>Eamus,</span> <span class='ocrx_word' id='word_1_187' title='bbox 407 2287 598 2367; x_wconf 77' lang='lat' dir='ltr'>Amphitruo:</span> <span class='ocrx_word' id='word_1_188' title='bbox 620 2287 744 2349; x_wconf 88' lang='lat' dir='ltr'>lucescit</span> <span class='ocrx_word' id='word_1_189' title='bbox 764 2288 822 2349; x_wconf 93' lang='lat' dir='ltr'>hoc</span> <span class='ocrx_word' id='word_1_190' title='bbox 837 2287 904 2348; x_wconf 88' lang='lat' dir='ltr'>iam.</span> <span class='ocrx_word' id='word_1_191' title='bbox 947 2286 1023 2348; x_wconf 79' lang='grc'><strong>1555.</strong></span> <span class='ocrx_word' id='word_1_192' title='bbox 1053 2286 1108 2348; x_wconf 76' lang='lat' dir='ltr'>lbi</span> <span class='ocrx_word' id='word_1_193' title='bbox 1126 2305 1211 2366; x_wconf 88' lang='lat' dir='ltr'>prae,</span> 
     </span>
     <span class='ocr_line' id='line_1_26' title="bbox 440 2371 538 2433; baseline -0.01 0"><span class='ocrx_word' id='word_1_194' title='bbox 440 2371 538 2433; x_wconf 90' lang='lat' dir='ltr'>Sosia:</span> 
     </span>
    </p>

    <p class='ocr_par' dir='ltr' id='par_1_23' title="bbox 133 2454 1210 2614">
     <span class='ocr_line' id='line_1_27' title="bbox 133 2454 1210 2537; baseline -0.001 -19"><span class='ocrx_word' id='word_1_195' title='bbox 133 2456 190 2518; x_wconf 93' lang='lat' dir='ltr'>iam</span> <span class='ocrx_word' id='word_1_196' title='bbox 213 2474 268 2536; x_wconf 81' lang='lat' dir='ltr'>ego</span> <span class='ocrx_word' id='word_1_197' title='bbox 289 2475 405 2537; x_wconf 87' lang='lat' dir='ltr'>sequar.</span> <span class='ocrx_word' id='word_1_198' title='bbox 439 2457 584 2536; x_wconf 92' lang='lat' dir='ltr'>numquid</span> <span class='ocrx_word' id='word_1_199' title='bbox 605 2454 667 2518; x_wconf 80' lang='lat' dir='ltr'>ris?</span> <span class='ocrx_word' id='word_1_200' title='bbox 716 2456 786 2517; x_wconf 77' lang='lat' dir='ltr'>Aac.</span> <span class='ocrx_word' id='word_1_201' title='bbox 816 2457 928 2517; x_wconf 85' lang='lat' dir='ltr'>Etiam:</span> <span class='ocrx_word' id='word_1_202' title='bbox 949 2465 983 2519; x_wconf 89' lang='lat' dir='ltr'>ut</span> <span class='ocrx_word' id='word_1_203' title='bbox 1004 2464 1135 2519; x_wconf 89' lang='lat' dir='ltr'>actutum</span> <span class='ocrx_word' id='word_1_204' title='bbox 1157 2456 1210 2517; x_wconf 93' lang='lat' dir='ltr'>ad·</span> 
     </span>
     <span class='ocr_line' id='line_1_28' title="bbox 439 2541 788 2614; baseline 0 -11"><span class='ocrx_word' id='word_1_205' title='bbox 439 2543 547 2604; x_wconf 90' lang='lat' dir='ltr'>venias.</span> <span class='ocrx_word' id='word_1_206' title='bbox 592 2541 667 2603; x_wconf 78' lang='grc'><strong>1555.</strong></span> <span class='ocrx_word' id='word_1_207' title='bbox 696 2542 788 2614; x_wconf 86' lang='lat' dir='ltr'>Licet,</span> 
     </span>
    </p>

    <p class='ocr_par' dir='ltr' id='par_1_24' title="bbox 133 2624 1212 2705">
     <span class='ocr_line' id='line_1_29' title="bbox 133 2624 1212 2705; baseline -0.001 -21"><span class='ocrx_word' id='word_1_208' title='bbox 133 2624 217 2704; x_wconf 87' lang='lat' dir='ltr'>prius</span> <span class='ocrx_word' id='word_1_209' title='bbox 230 2634 282 2686; x_wconf 88' lang='lat' dir='ltr'>tua</span> <span class='ocrx_word' id='word_1_210' title='bbox 297 2627 439 2705; x_wconf 87' lang='lat' dir='ltr'>opinione</span> <span class='ocrx_word' id='word_1_211' title='bbox 454 2627 503 2688; x_wconf 89' lang='lat' dir='ltr'>hic</span> <span class='ocrx_word' id='word_1_212' title='bbox 518 2628 620 2688; x_wconf 86' lang='lat' dir='ltr'>adero:</span> <span class='ocrx_word' id='word_1_213' title='bbox 636 2627 751 2688; x_wconf 94' lang='lat' dir='ltr'>bonum</span> <span class='ocrx_word' id='word_1_214' title='bbox 765 2626 895 2687; x_wconf 81' lang='lat' dir='ltr'>animum</span> <span class='ocrx_word' id='word_1_215' title='bbox 911 2624 995 2685; x_wconf 90' lang='lat' dir='ltr'>habe.</span> <span class='ocrx_word' id='word_1_216' title='bbox 1011 2658 1054 2670; x_wconf 93' lang='lat'><em>-</em></span> <span class='ocrx_word' id='word_1_217' title='bbox 1165 2634 1212 2684; x_wconf 87' lang='grc'>515</span> 
     </span>
    </p>

    <p class='ocr_par' dir='ltr' id='par_1_25' title="bbox 134 2710 990 2788">
     <span class='ocr_line' id='line_1_30' title="bbox 134 2710 990 2788; baseline 0 -18"><span class='ocrx_word' id='word_1_218' title='bbox 134 2726 217 2770; x_wconf 93' lang='lat' dir='ltr'>nuuc</span> <span class='ocrx_word' id='word_1_219' title='bbox 232 2717 270 2784; x_wconf 88' lang='grc'>15,</span> <span class='ocrx_word' id='word_1_220' title='bbox 287 2727 355 2785; x_wconf 82' lang='lat' dir='ltr'>nox,</span> <span class='ocrx_word' id='word_1_221' title='bbox 372 2729 447 2788; x_wconf 90' lang='lat' dir='ltr'>quae</span> <span class='ocrx_word' id='word_1_222' title='bbox 463 2730 509 2772; x_wconf 94' lang='lat' dir='ltr'>me</span> <span class='ocrx_word' id='word_1_223' title='bbox 524 2711 667 2785; x_wconf 91' lang='lat' dir='ltr'>mansisti,</span> <span class='ocrx_word' id='word_1_224' title='bbox 683 2711 767 2771; x_wconf 90' lang='lat' dir='ltr'>mitto</span> <span class='ocrx_word' id='word_1_225' title='bbox 784 2711 827 2772; x_wconf 91' lang='lat' dir='ltr'>uti</span> <span class='ocrx_word' id='word_1_226' title='bbox 842 2711 929 2772; x_wconf 90' lang='lat' dir='ltr'>cedas</span> <span class='ocrx_word' id='word_1_227' title='bbox 944 2710 990 2771; x_wconf 91' lang='lat' dir='ltr'>die</span> 
     </span>
    </p>

    <p class='ocr_par' dir='ltr' id='par_1_26' title="bbox 133 2793 857 2858">
     <span class='ocr_line' id='line_1_31' title="bbox 133 2793 857 2858; baseline 0 -4"><span class='ocrx_word' id='word_1_228' title='bbox 133 2802 167 2856; x_wconf 93' lang='lat' dir='ltr'>ut</span> <span class='ocrx_word' id='word_1_229' title='bbox 181 2793 313 2856; x_wconf 91' lang='lat' dir='ltr'>mortalis</span> <span class='ocrx_word' id='word_1_230' title='bbox 327 2794 490 2858; x_wconf 88' lang='lat' dir='ltr'>inlucescat</span> <span class='ocrx_word' id='word_1_231' title='bbox 504 2796 571 2856; x_wconf 93' lang='lat' dir='ltr'>luce</span> <span class='ocrx_word' id='word_1_232' title='bbox 586 2795 664 2857; x_wconf 91' lang='lat' dir='ltr'>clara</span> <span class='ocrx_word' id='word_1_233' title='bbox 680 2806 709 2856; x_wconf 87' lang='lat' dir='ltr'>et</span> <span class='ocrx_word' id='word_1_234' title='bbox 724 2794 857 2856; x_wconf 88' lang='lat' dir='ltr'>candida.</span> 
     </span>
    </p>

    <p class='ocr_par' dir='ltr' id='par_1_27' title="bbox 135 2879 915 2959">
     <span class='ocr_line' id='line_1_32' title="bbox 135 2879 915 2959; baseline -0.003 -19"><span class='ocrx_word' id='word_1_235' title='bbox 135 2887 224 2958; x_wconf 87' lang='lat' dir='ltr'>atque</span> <span class='ocrx_word' id='word_1_236' title='bbox 239 2887 361 2958; x_wconf 91' lang='lat' dir='ltr'>quanto,</span> <span class='ocrx_word' id='word_1_237' title='bbox 378 2899 447 2954; x_wconf 82' lang='lat' dir='ltr'>nox,</span> <span class='ocrx_word' id='word_1_238' title='bbox 464 2880 544 2942; x_wconf 85' lang='lat' dir='ltr'>luisti</span> <span class='ocrx_word' id='word_1_239' title='bbox 557 2879 677 2958; x_wconf 81' lang='lat' dir='ltr'>longior</span> <span class='ocrx_word' id='word_1_240' title='bbox 690 2880 747 2940; x_wconf 92' lang='lat' dir='ltr'>bac</span> <span class='ocrx_word' id='word_1_241' title='bbox 761 2897 915 2959; x_wconf 82' lang='lat' dir='ltr'>proxuma,</span> 
     </span>
    </p>

    <p class='ocr_par' dir='ltr' id='par_1_28' title="bbox 134 2963 982 3044">
     <span class='ocr_line' id='line_1_33' title="bbox 134 2963 982 3044; baseline -0.001 -19"><span class='ocrx_word' id='word_1_242' title='bbox 134 2972 218 3025; x_wconf 88' lang='lat' dir='ltr'>tanto</span> <span class='ocrx_word' id='word_1_243' title='bbox 234 2964 351 3025; x_wconf 84' lang='lat' dir='ltr'>brevior</span> <span class='ocrx_word' id='word_1_244' title='bbox 366 2964 429 3026; x_wconf 87' lang='lat' dir='ltr'>dies</span> <span class='ocrx_word' id='word_1_245' title='bbox 443 2974 477 3025; x_wconf 86' lang='lat' dir='ltr'>ut</span> <span class='ocrx_word' id='word_1_246' title='bbox 492 2967 542 3025; x_wconf 85' lang='lat' dir='ltr'>bat</span> <span class='ocrx_word' id='word_1_247' title='bbox 555 2965 670 3038; x_wconf 86' lang='lat' dir='ltr'>faciam,</span> <span class='ocrx_word' id='word_1_248' title='bbox 686 2972 829 3043; x_wconf 88' lang='lat' dir='ltr'>utaequa</span> <span class='ocrx_word' id='word_1_249' title='bbox 844 2963 982 3044; x_wconf 86' lang='lat' dir='ltr'>disparet.</span> 
     </span>
    </p>

    <p class='ocr_par' dir='ltr' id='par_1_29' title="bbox 134 3048 1211 3128">
     <span class='ocr_line' id='line_1_34' title="bbox 134 3048 1211 3128; baseline -0.004 -16"><span class='ocrx_word' id='word_1_250' title='bbox 134 3048 186 3112; x_wconf 93' lang='lat' dir='ltr'>sed</span> <span class='ocrx_word' id='word_1_251' title='bbox 202 3049 265 3110; x_wconf 89' lang='lat' dir='ltr'>dies</span> <span class='ocrx_word' id='word_1_252' title='bbox 280 3067 297 3110; x_wconf 94' lang='grc'>5</span> <span class='ocrx_word' id='word_1_253' title='bbox 311 3057 400 3111; x_wconf 89' lang='grc'><strong>50515</strong></span> <span class='ocrx_word' id='word_1_254' title='bbox 415 3051 544 3112; x_wconf 88' lang='lat' dir='ltr'>accedat.</span> <span class='ocrx_word' id='word_1_255' title='bbox 574 3048 624 3111; x_wconf 92' lang='lat' dir='ltr'>ibo</span> <span class='ocrx_word' id='word_1_256' title='bbox 640 3059 669 3111; x_wconf 91' lang='grc'>55</span> <span class='ocrx_word' id='word_1_257' title='bbox 683 3049 864 3112; x_wconf 88' lang='lat' dir='ltr'>Mercurium</span> <span class='ocrx_word' id='word_1_258' title='bbox 880 3067 996 3128; x_wconf 88' lang='lat' dir='ltr'>sequar.</span> <span class='ocrx_word' id='word_1_259' title='bbox 1164 3058 1211 3109; x_wconf 94' lang='grc'>550</span> 
     </span>
    </p>
   </div>
   <div class='ocr_carea' id='block_1_5' title="bbox 133 3230 1215 3979">
    <p class='ocr_par' dir='ltr' id='par_1_30' title="bbox 135 3230 1212 3363">
     <span class='ocr_line' id='line_1_35' title="bbox 221 3230 1212 3298; baseline -0.006 -12"><span class='ocrx_word' id='word_1_260' title='bbox 221 3235 270 3287; x_wconf 87' lang='grc'>530</span> <span class='ocrx_word' id='word_1_261' title='bbox 289 3237 391 3285; x_wconf 89' lang='lat' dir='ltr'>actuum</span> <span class='ocrx_word' id='word_1_262' title='bbox 410 3261 443 3271; x_wconf 94' lang='lat'>—</span> <span class='ocrx_word' id='word_1_263' title='bbox 460 3238 563 3284; x_wconf 85' lang='lat' dir='ltr'>actuum</span> <span class='ocrx_word' id='word_1_264' title='bbox 581 3233 618 3284; x_wconf 87' lang='lat' dir='ltr'>B¹</span> <span class='ocrx_word' id='word_1_265' title='bbox 635 3235 708 3298; x_wconf 78' lang='lat' dir='ltr'>(itam</span> <span class='ocrx_word' id='word_1_266' title='bbox 724 3233 784 3284; x_wconf 86' lang='grc'><strong>544.</strong></span> <span class='ocrx_word' id='word_1_267' title='bbox 793 3233 861 3296; x_wconf 87' lang='grc'><strong>627),</strong></span> <span class='ocrx_word' id='word_1_268' title='bbox 879 3236 983 3283; x_wconf 86' lang='lat' dir='ltr'>actuum</span> <span class='ocrx_word' id='word_1_269' title='bbox 995 3259 1028 3270; x_wconf 99' lang='lat'>-</span> <span class='ocrx_word' id='word_1_270' title='bbox 1040 3244 1071 3281; x_wconf 86' lang='lat' dir='ltr'>ac</span> <span class='ocrx_word' id='word_1_271' title='bbox 1089 3234 1171 3281; x_wconf 90' lang='lat' dir='ltr'>totum</span> <span class='ocrx_word' id='word_1_272' title='bbox 1184 3230 1212 3280; x_wconf 80' lang='grc' dir='ltr'><em>Ε</em></span> 
     </span>
     <span class='ocr_line' id='line_1_36' title="bbox 135 3298 1210 3363; baseline -0.006 -10"><span class='ocrx_word' id='word_1_273' title='bbox 135 3300 385 3354; x_wconf 72' lang='grc'>5325115551511111</span> <span class='ocrx_word' id='word_1_274' title='bbox 506 3301 666 3363; x_wconf 77' lang='grc'><strong>533[551]5</strong></span> <span class='ocrx_word' id='word_1_275' title='bbox 759 3300 868 3353; x_wconf 87' lang='grc'><strong>15515555</strong></span> <span class='ocrx_word' id='word_1_276' title='bbox 885 3299 972 3350; x_wconf 75' lang='lat' dir='ltr'>amn</span> <span class='ocrx_word' id='word_1_277' title='bbox 1087 3298 1210 3350; x_wconf 86' lang='grc'><strong>53411115</strong></span> 
     </span>
    </p>

    <p class='ocr_par' dir='ltr' id='par_1_31' title="bbox 133 3365 1215 3979">
     <span class='ocr_line' id='line_1_37' title="bbox 219 3365 1211 3437; baseline -0.005 -17"><span class='ocrx_word' id='word_1_278' title='bbox 219 3368 264 3420; x_wconf 89' lang='lat' dir='ltr'>dat</span> <span class='ocrx_word' id='word_1_279' title='bbox 282 3368 382 3433; x_wconf 65' lang='grc'><strong>551111,</strong></span> <span class='ocrx_word' id='word_1_280' title='bbox 400 3367 485 3420; x_wconf 86' lang='lat' dir='ltr'>dalest</span> <span class='ocrx_word' id='word_1_281' title='bbox 503 3369 527 3418; x_wconf 79' lang='grc'>11</span> <span class='ocrx_word' id='word_1_282' title='bbox 631 3370 680 3420; x_wconf 88' lang='grc'>537</span> <span class='ocrx_word' id='word_1_283' title='bbox 699 3369 792 3437; x_wconf 87' lang='lat' dir='ltr'>edepol</span> <span class='ocrx_word' id='word_1_284' title='bbox 810 3367 916 3420; x_wconf 71' lang='lat' dir='ltr'>Nonius</span> <span class='ocrx_word' id='word_1_285' title='bbox 1017 3365 1101 3432; x_wconf 87' lang='lat' dir='ltr'>qualis</span> <span class='ocrx_word' id='word_1_286' title='bbox 1119 3368 1159 3417; x_wconf 84' lang='lat' dir='ltr'>est</span> <span class='ocrx_word' id='word_1_287' title='bbox 1176 3366 1211 3427; x_wconf 81' lang='grc' dir='ltr'>Ε,</span> 
     </span>
     <span class='ocr_line' id='line_1_38' title="bbox 135 3433 1211 3503; baseline -0.005 -15"><span class='ocrx_word' id='word_1_288' title='bbox 135 3436 211 3503; x_wconf 88' lang='lat' dir='ltr'>quale</span> <span class='ocrx_word' id='word_1_289' title='bbox 229 3441 270 3488; x_wconf 84' lang='lat' dir='ltr'>est</span> <span class='ocrx_word' id='word_1_290' title='bbox 286 3436 343 3497; x_wconf 84' lang='lat' dir='ltr'>BD,</span> <span class='ocrx_word' id='word_1_291' title='bbox 362 3436 446 3488; x_wconf 87' lang='grc'><strong>551551</strong></span> <span class='ocrx_word' id='word_1_292' title='bbox 463 3440 576 3487; x_wconf 73' lang='lat' dir='ltr'>lectatur</span> <span class='ocrx_word' id='word_1_293' title='bbox 592 3435 699 3488; x_wconf 75' lang='lat' dir='ltr'>Nonius</span> <span class='ocrx_word' id='word_1_294' title='bbox 779 3438 829 3490; x_wconf 87' lang='grc'>538</span> <span class='ocrx_word' id='word_1_295' title='bbox 849 3434 951 3502; x_wconf 80' lang='lat' dir='ltr'>qualest</span> <span class='ocrx_word' id='word_1_296' title='bbox 967 3434 1042 3485; x_wconf 75' lang='lat' dir='ltr'>BDE</span> <span class='ocrx_word' id='word_1_297' title='bbox 1122 3433 1211 3484; x_wconf 85' lang='lat' dir='ltr'>datust</span> 
     </span>
     <span class='ocr_line' id='line_1_39' title="bbox 133 3499 1210 3569; baseline -0.005 -13"><span class='ocrx_word' id='word_1_298' title='bbox 133 3504 208 3556; x_wconf 74' lang='grc' dir='ltr'>ΗΒΕ</span> <span class='ocrx_word' id='word_1_299' title='bbox 289 3505 339 3556; x_wconf 88' lang='grc'>539</span> <span class='ocrx_word' id='word_1_300' title='bbox 356 3519 408 3557; x_wconf 88' lang='lat' dir='ltr'>non</span> <span class='ocrx_word' id='word_1_301' title='bbox 428 3503 585 3569; x_wconf 80' lang='lat' dir='ltr'>Spengeliua</span> <span class='ocrx_word' id='word_1_302' title='bbox 662 3506 710 3557; x_wconf 89' lang='grc'>541</span> <span class='ocrx_word' id='word_1_303' title='bbox 730 3504 873 3567; x_wconf 88' lang='lat' dir='ltr'>sueuusB,</span> <span class='ocrx_word' id='word_1_304' title='bbox 893 3516 974 3554; x_wconf 72' lang='grc'><strong>55555</strong></span> <span class='ocrx_word' id='word_1_305' title='bbox 991 3502 1030 3552; x_wconf 78' lang='lat'>11¹</span> <span class='ocrx_word' id='word_1_306' title='bbox 1098 3504 1149 3554; x_wconf 80' lang='grc'>542</span> <span class='ocrx_word' id='word_1_307' title='bbox 1167 3499 1210 3552; x_wconf 86' lang='grc'>*15</span> 
     </span>
     <span class='ocr_line' id='line_1_40' title="bbox 134 3569 1212 3636; baseline -0.006 -12"><span class='ocrx_word' id='word_1_308' title='bbox 134 3572 267 3625; x_wconf 80' lang='lat' dir='ltr'>absentem</span> <span class='ocrx_word' id='word_1_309' title='bbox 286 3571 361 3623; x_wconf 84' lang='lat' dir='ltr'>codd.</span> <span class='ocrx_word' id='word_1_310' title='bbox 379 3573 522 3635; x_wconf 82' lang='lat' dir='ltr'>(absentem</span> <span class='ocrx_word' id='word_1_311' title='bbox 541 3572 720 3636; x_wconf 69' lang='lat' dir='ltr'>Camerarius)</span> <span class='ocrx_word' id='word_1_312' title='bbox 739 3570 774 3632; x_wconf 78' lang='lat' dir='ltr'>cf.</span> <span class='ocrx_word' id='word_1_313' title='bbox 792 3570 843 3623; x_wconf 73' lang='lat'>826</span> <span class='ocrx_word' id='word_1_314' title='bbox 936 3569 1212 3623; x_wconf 70' lang='grc'><strong>543155155111311111</strong></span> 
     </span>
     <span class='ocr_line' id='line_1_41' title="bbox 136 3636 1213 3706; baseline -0.004 -13"><span class='ocrx_word' id='word_1_315' title='bbox 136 3643 184 3694; x_wconf 88' lang='grc'>545</span> <span class='ocrx_word' id='word_1_316' title='bbox 203 3640 265 3693; x_wconf 87' lang='lat' dir='ltr'>tuad</span> <span class='ocrx_word' id='word_1_317' title='bbox 282 3639 441 3691; x_wconf 74' lang='lat' dir='ltr'>Ritecbeliua</span> <span class='ocrx_word' id='word_1_318' title='bbox 561 3641 645 3706; x_wconf 76' lang='lat' dir='ltr'>*[ego]</span> <span class='ocrx_word' id='word_1_319' title='bbox 664 3639 706 3690; x_wconf 85' lang='lat' dir='ltr'>hic</span> <span class='ocrx_word' id='word_1_320' title='bbox 724 3636 761 3700; x_wconf 81' lang='lat' dir='ltr'>cf.</span> <span class='ocrx_word' id='word_1_321' title='bbox 778 3639 841 3690; x_wconf 84' lang='lat' dir='ltr'>Aul.</span> <span class='ocrx_word' id='word_1_322' title='bbox 858 3637 912 3690; x_wconf 85' lang='grc'><strong>274</strong></span> <span class='ocrx_word' id='word_1_323' title='bbox 928 3638 1013 3690; x_wconf 77' lang='lat' dir='ltr'>secata</span> <span class='ocrx_word' id='word_1_324' title='bbox 1029 3637 1071 3701; x_wconf 78' lang='grc'>66,</span> <span class='ocrx_word' id='word_1_325' title='bbox 1095 3636 1158 3689; x_wconf 84' lang='lat' dir='ltr'>Aul.</span> <span class='ocrx_word' id='word_1_326' title='bbox 1176 3637 1213 3689; x_wconf 79' lang='lat'>89</span> 
     </span>
     <span class='ocr_line' id='line_1_42' title="bbox 133 3705 1211 3768; baseline -0.005 -8"><span class='ocrx_word' id='word_1_327' title='bbox 133 3709 203 3760; x_wconf 80' lang='lat' dir='ltr'>Men.</span> <span class='ocrx_word' id='word_1_328' title='bbox 221 3708 272 3760; x_wconf 79' lang='lat'>225</span> <span class='ocrx_word' id='word_1_329' title='bbox 293 3706 367 3761; x_wconf 77' lang='grc'><strong>11555.</strong></span> <span class='ocrx_word' id='word_1_330' title='bbox 385 3707 438 3759; x_wconf 85' lang='grc'>590</span> <span class='ocrx_word' id='word_1_331' title='bbox 454 3708 500 3761; x_wconf 86' lang='lat' dir='ltr'>all.</span> <span class='ocrx_word' id='word_1_332' title='bbox 586 3706 733 3759; x_wconf 69' lang='grc' dir='ltr'>55555513ι</span> <span class='ocrx_word' id='word_1_333' title='bbox 813 3707 864 3758; x_wconf 83' lang='grc'><strong>5411</strong></span> <span class='ocrx_word' id='word_1_334' title='bbox 882 3721 923 3759; x_wconf 88' lang='lat' dir='ltr'>me</span> <span class='ocrx_word' id='word_1_335' title='bbox 940 3722 991 3759; x_wconf 87' lang='lat' dir='ltr'>om.</span> <span class='ocrx_word' id='word_1_336' title='bbox 1009 3705 1034 3757; x_wconf 78' lang='lat' dir='ltr'>u</span> <span class='ocrx_word' id='word_1_337' title='bbox 1115 3706 1162 3768; x_wconf 87' lang='lat' dir='ltr'>uti]</span> <span class='ocrx_word' id='word_1_338' title='bbox 1180 3710 1211 3756; x_wconf 92' lang='lat' dir='ltr'>ut</span> 
     </span>
     <span class='ocr_line' id='line_1_43' title="bbox 135 3774 1211 3840; baseline -0.005 -13"><span class='ocrx_word' id='word_1_339' title='bbox 135 3776 190 3840; x_wconf 75' lang='lat' dir='ltr'>uu,</span> <span class='ocrx_word' id='word_1_340' title='bbox 209 3791 256 3827; x_wconf 93' lang='lat' dir='ltr'>uec</span> <span class='ocrx_word' id='word_1_341' title='bbox 273 3776 300 3825; x_wconf 86' lang='lat' dir='ltr'><em>D</em></span> <span class='ocrx_word' id='word_1_342' title='bbox 385 3775 436 3827; x_wconf 89' lang='lat' dir='ltr'>diei</span> <span class='ocrx_word' id='word_1_343' title='bbox 530 3774 1015 3838; x_wconf 78' lang='grc' dir='ltr'><strong>5411515555555Β,11155555555511</strong></span> <span class='ocrx_word' id='word_1_344' title='bbox 1096 3777 1161 3839; x_wconf 80' lang='lat' dir='ltr'>poet</span> <span class='ocrx_word' id='word_1_345' title='bbox 1184 3775 1211 3823; x_wconf 89' lang='lat' dir='ltr'>et</span> 
     </span>
     <span class='ocr_line' id='line_1_44' title="bbox 133 3839 1215 3910; baseline -0.004 -14"><span class='ocrx_word' id='word_1_346' title='bbox 133 3861 188 3896; x_wconf 79' lang='lat' dir='ltr'>rae.</span> <span class='ocrx_word' id='word_1_347' title='bbox 206 3844 223 3895; x_wconf 89' lang='lat'><strong><em>6</em></strong></span> <span class='ocrx_word' id='word_1_348' title='bbox 241 3845 336 3897; x_wconf 82' lang='grc'><strong>15151)</strong></span> <span class='ocrx_word' id='word_1_349' title='bbox 430 3846 479 3896; x_wconf 92' lang='grc'>549</span> <span class='ocrx_word' id='word_1_350' title='bbox 498 3859 611 3910; x_wconf 69' lang='lat' dir='ltr'>aeques·</span> <span class='ocrx_word' id='word_1_351' title='bbox 630 3843 656 3892; x_wconf 85' lang='lat' dir='ltr'><em>D</em></span> <span class='ocrx_word' id='word_1_352' title='bbox 751 3846 802 3895; x_wconf 90' lang='grc'>550</span> <span class='ocrx_word' id='word_1_353' title='bbox 820 3843 885 3906; x_wconf 75' lang='grc'><strong>*5511</strong></span> <span class='ocrx_word' id='word_1_354' title='bbox 903 3849 930 3894; x_wconf 87' lang='grc'>51</span> <span class='ocrx_word' id='word_1_355' title='bbox 1014 3839 1131 3908; x_wconf 80' lang='lat' dir='ltr'>*sequarJ</span> <span class='ocrx_word' id='word_1_356' title='bbox 1150 3840 1215 3893; x_wconf 92' lang='lat' dir='ltr'>sub·</span> 
     </span>
     <span class='ocr_line' id='line_1_45' title="bbox 135 3910 613 3979; baseline -0.006 -14"><span class='ocrx_word' id='word_1_357' title='bbox 135 3926 229 3979; x_wconf 90' lang='lat' dir='ltr'>sequar</span> <span class='ocrx_word' id='word_1_358' title='bbox 298 3913 332 3975; x_wconf 79' lang='lat' dir='ltr'>ef.</span> <span class='ocrx_word' id='word_1_359' title='bbox 350 3913 439 3964; x_wconf 79' lang='lat' dir='ltr'>Herm.</span> <span class='ocrx_word' id='word_1_360' title='bbox 458 3910 500 3976; x_wconf 88' lang='grc'><strong>18,</strong></span> <span class='ocrx_word' id='word_1_361' title='bbox 517 3911 613 3976; x_wconf 75' lang='grc'><strong>57255.</strong></span> 
     </span>
    </p>
   </div>
   <div class='ocr_carea' id='block_1_6' title="bbox 0 0 1286 4364">
    <p class='ocr_par' dir='ltr' id='par_1_32' title="bbox 0 0 1286 4364">
     <span class='ocr_line' id='line_1_46' title="bbox 0 0 1286 4364; baseline 0 0"><span class='ocrx_word' id='word_1_362' title='bbox 0 0 1286 4364; x_wconf 95' lang='lat' dir='ltr'> </span> 
     </span>
    </p>
   </div>
  </div>
 </body>
</html>
