2550 4350
107 192 167 250 118
583 190 704 243 PLAVTl
920 196 923 201 '
1048 206 1182 258 ruso-re

104 364 211 444 ecquid
228 364 313 445 agis?
357 365 462 426 Sruou.
493 363 570 435 Quid
585 360 692 442 agam?
735 362 821 423 Evcn.
852 363 976 424 Auferre
999 381 1061 424 non
1084 371 1182 443 potes.

462 449 567 510 Sruou.
597 447 674 518 Quid
690 448 733 508 vis
749 445 822 508 tihil

104 534 192 595 Evon.
216 535 307 595 Pone.
351 535 457 596 Srnou.
473 533 506 595 ld
521 533 639 612 quidem
651 533 703 611 pol
713 541 751 607 te,
768 533 877 607 datare,
890 533 979 593 oredo
992 542 1181 606 consuetum,

462 637 561 679 senex.

104 703 191 764 Evon.
222 705 305 764 Pone
318 704 376 765 hoc
392 703 441 777 sis,
457 705 541 763 aufer
556 701 695 776 cavillam,
712 721 773 762 non
790 721 846 780 ego
861 720 944 762 nuno
960 720 1055 782 nugas
1072 720 1138 781 ago.

104 788 211 849 Sraou.
248 787 326 859 Quid
348 807 402 868 ego
424 786 556 867 ponam?
579 788 651 866 quin
674 798 707 848 tu
733 787 872 866 eloquere
893 786 1034 865 quidquid
1059 798 1104 849 est
1126 806 1180 850 suo

461 891 591 933 nomine.

105 976 165 1018 non
178 958 278 1019 hercle
290 957 426 1036 equidem
438 959 597 1035 quicquam
608 957 720 1035 sumpsi
732 974 788 1017 neo
800 956 891 1035 tetigi.
936 955 1023 1017 Evcn.
1047 956 1180 1018 Ostende

459 1043 518 1102 huc
533 1059 648 1102 manus.
1138 1053 1181 1103 tlt

103 1126 211 1187 Srnon.
238 1127 292 1187 Em
303 1126 368 1201 tibi,
385 1127 500 1187 ostendi
514 1145 605 1187 eccas.
649 1125 737 1185 Evon.
768 1123 866 1184 Video.
889 1143 943 1204 age
956 1125 1079 1186 ostende
1092 1127 1179 1188 etiam

460 1212 587 1271 tertiam.

103 1296 210 1357 Sruou.
234 1294 345 1357 Laruae
357 1294 734 1375 hunoatqueintemperiae
747 1293 939 1372 insaniaeque
946 1293 1178 1372 agitantsenem.

102 1380 180 1441 laein
193 1380 330 1442 iniurium
342 1381 414 1441 milri
425 1399 461 1441 an
480 1379 564 1441 non?
593 1380 681 1440 Evou.
700 1379 774 1450 Quia
787 1398 848 1439 non
863 1380 986 1458 pendes,
1001 1398 1179 1442 maxumam.

103 1475 192 1544 atque
207 1466 236 1527 id
252 1484 371 1545 quoque
386 1467 443 1526 iam
460 1468 525 1538 liet,
545 1466 602 1526 nisi
618 1465 720 1526 latere.
766 1463 871 1524 Sruou.
901 1463 979 1534 Quid
994 1465 1088 1526 latear
1102 1464 1179 1528 tihi?

102 1549 191 1611 Evou.
222 1550 298 1621 Quid
314 1551 458 1612 abstulisti
474 1549 567 1611 hinc?
611 1550 717 1611 Srnoe.
746 1549 781 1610 lli
797 1567 844 1608 me
859 1549 999 1628 perdant,
1022 1549 1046 1610 si
1063 1568 1120 1629 ogo
1135 1552 1179 1613 tui

460 1636 618 1714 quicquam
633 1633 740 1695 ahstuli
1134 1647 1179 1698 645

102 1719 169 1779 nive
185 1718 257 1780 adeo
268 1719 423 1782 abstulisse
434 1721 548 1781 vellem.
592 1719 679 1779 Evcu.
703 1719 845 1796 Agedum,
857 1719 1033 1779 excutedum
1044 1720 1177 1798 pallium.

102 1802 208 1865 Sruou.
240 1805 304 1865 Tuo
319 1804 471 1867 arbitratu.
514 1804 602 1865 Evcu.
632 1804 675 1864 Ne
690 1804 770 1865 inter
780 1803 896 1865 tunicas
907 1803 1025 1865 hebens.
1070 1805 1178 1866 Suros.

458 1890 581 1970 Tempta
597 1907 653 1968 qua
668 1888 761 1950 luhet.

100 1970 189 2032 Evcn.
220 1973 291 2044 Vah,
307 1975 456 2048 scelestus,
474 1992 561 2052 quam
577 1974 722 2051 benigue3
737 1982 771 2033 ut
782 1992 819 2033 ne
832 1972 985 2034 abstulisse
997 1972 1177 2054 intellegam.

102 2057 170 2116 novi
187 2059 403 2137 sycophantias.
435 2054 512 2140 [age]
528 2077 581 2136 age
593 2077 711 2119 rursum
727 2057 849 2119 ostende
864 2058 923 2118 huo
938 2075 1059 2119 manum

101 2141 261 2203 dexteram.
306 2143 412 2204 Sunou.
441 2142 506 2202 Em.
549 2142 636 2202 Evou.
666 2143 876 2203 Nunelaevam
893 2142 1024 2204 ostendo.
1070 2145 1177 2206 Sruou.

459 2227 538 2298 Quin
555 2227 691 2306 equidem
707 2227 807 2289 ambas
821 2228 952 2306 profero.
1135 2241 1178 2291 otu

100 2309 189 2371 Evcu.
219 2312 279 2372 lam
301 2313 426 2373 serutari
446 2313 540 2373 mitto.
575 2311 664 2373 redde
684 2313 753 2373 huo.
798 2312 904 2372 Suros.
934 2312 1012 2384 Quid
1033 2312 1178 2375 reddam?

458 2396 545 2458 Evcn.
575 2398 608 2471 l,
626 2398 805 2477 nugasagis

100 2481 293 2543 eertehahes.
337 2482 443 2544 Sruou.
466 2483 568 2543 Habeo
581 2481 742 2561 egolquid
753 2479 871 2543 habeo?
907 2480 994 2540 Evou.
1017 2481 1176 2557 Noudion,

458 2568 558 2628 audire
574 2568 695 2647 expetis.

100 2648 129 2709 id
145 2668 243 2711 meum
256 2651 397 2729 quidquid
409 2652 500 2713 habes
511 2653 609 2713 redde.
655 2653 760 2713 Sinon.
780 2651 911 2712 lusanis:
927 2659 1134 2730 perscrutatus
1146 2670 1178 2714 es

99 2742 151 2794 tuo
168 2735 320 2809 arbitratu,
337 2755 434 2813 neque
449 2737 491 2798 tui
507 2756 554 2797 me
570 2736 727 2815 quicquam
742 2736 881 2797 invenisti
895 2754 997 2815 penes.

100 2817 187 2879 Evcn.
217 2819 319 2895 Mane,
342 2839 437 2882 mane.
475 2822 542 2899 quis
564 2822 624 2881 illle
642 2831 686 2882 est
709 2819 811 2882 intus?
834 2821 907 2881 alter
929 2824 992 2880 erat
1014 2831 1114 2881 tecum
1137 2821 1177 2883 si·

456 2903 541 2965 mull
1133 2916 1177 2966 655

99 2989 174 3066 perii
190 2989 305 3050 hercle:
322 2988 370 3049 ille
386 3009 468 3051 nunc
483 2995 562 3051 lutus
577 2989 685 3062 turbat,
701 2990 781 3049 lruuc
796 2991 820 3050 si
836 2990 936 3050 amitto
951 2990 1023 3050 hinc
1038 2988 1154 3052 abierit.

168 3124 218 3174 636
232 3121 294 3174 haec
304 3122 460 3190 qoidBDE¹
512 3123 579 3186 *[da]
593 3122 691 3174 auferre
743 3125 814 3173 inter
822 3139 953 3188 personae
966 3123 1104 3175 distribuit
1113 3125 1177 3176 Aci·

98 3191 188 3240 dolt'us
200 3194 265 3257 (ecq.
279 3207 301 3242 a.
311 3191 433 3255 Strobili‚
448 3191 508 3258 quid
518 3221 551 3229 —
561 3196 635 3257 potes
644 3191 785 3242 Euclionis
794 3194 822 3241 iu
832 3191 918 3254 codd.)
970 3193 1019 3244 637
1032 3190 1059 3242 id
1072 3193 1176 3258 quidem

98 3260 208 3322 Parcus]
228 3259 253 3310 di
271 3258 374 3325 quidem
393 3260 482 3319 codd.;
502 3260 620 3325 equidem
638 3259 785 3323 Acidollus,
804 3257 838 3319 cf.
848 3258 979 3310 luchrius
994 3274 1086 3311 comen.
1101 3277 1176 3326 proc.

98 3327 120 3389 1,
129 3326 162 3378 21
232 3329 402 3378 distinctione
418 3330 568 3378 sentcntiae
584 3343 740 3378 succurrere
755 3327 834 3378 uolui.
869 3342 937 3391 pone
949 3342 1046 3379 nomen
1057 3329 1178 3380 ostBue·

100 3394 203 3446 cdelcro
221 3395 257 3445 Μ.
266 3394 313 3447 ltu.
323 3396 366 3461 35,
375 3396 427 3449 398
495 3397 545 3448 639
563 3410 624 3459 ergo
643 3395 717 3446 BDE
785 3395 912 3445 Euclioni
930 3394 1054 3461 quidquid
1071 3413 1110 3461 eq.
1129 3397 1177 3448 ad·

98 3464 210 3524 regnant
225 3462 299 3513 BDE
367 3466 418 3516 640
436 3478 487 3514 uon
505 3463 623 3529 equidem
642 3477 690 3528 ego
709 3478 758 3528 qna
778 3461 910 3528 voluptate
928 3464 957 3528 (i.
971 3480 992 3514 o.
1006 3464 1177 3530 quicquame

99 3531 134 3592 tel
153 3531 250 3594 sumpsi
264 3545 346 3597 neque
359 3531 432 3598 tetigi
444 3531 549 3583 Nonius
560 3530 611 3583 396
672 3534 720 3584 641
740 3530 847 3581 ostende
868 3531 901 3579 6ι
961 3532 1012 3582 643
1025 3530 1124 3584 facisne

100 3597 159 3662 quia
177 3598 302 3664 Pylades]
320 3599 400 3650 lateat
418 3600 477 3666 quie
547 3600 597 3651 646
615 3598 756 3649 Euclionis
774 3599 823 3648 BD
892 3598 918 3649 ui
936 3614 968 3650 ne
986 3599 1011 3650 E
1080 3600 1176 3653 vellem

99 3668 149 3727 me]
169 3665 312 3715 Muellerus
382 3669 431 3721 649
450 3667 533 3719 uouisi
552 3673 712 3734 conpautyas
729 3665 799 3729 13¹1),
817 3665 833 3716 h
852 3682 909 3731 sup.
928 3682 953 3733 p.
972 3668 1033 3718 odd.
1048 3667 1095 3731 11²,
1113 3669 1177 3722 nori

98 3732 136 3782 sic
155 3738 295 3799 ouantyras
313 3734 338 3785 E
407 3739 472 3801 [age]
487 3735 611 3786 Goetzius
679 3748 779 3786 rursum
791 3737 820 3783 in
832 3734 921 3785 ronll
990 3736 1040 3788 656
1059 3735 1177 3789 dextram

97 3799 173 3851 BDE
242 3803 425 3865 651o1-a13
494 3805 544 3855 652
563 3808 633 3855 certo
651 3802 795 3867 hungerus
817 3817 843 3866 p.
862 3801 897 3855 23
966 3803 1068 3869 nopotis
1086 3804 1133 3869 13²,
1150 3810 1178 3858 et

98 3868 165 3936 petie
182 3869 234 3920 DE
325 3872 375 3923 655
393 3871 463 3922 intus
483 3871 715 3933 Wilumowttzius]
734 3869 792 3936 quis
810 3869 851 3921 hic
869 3871 939 3922 iulos
1035 3873 1085 3925 656
1103 3873 1177 3928 intus

95 3952 165 3989 nuno
184 3937 303 4005 Guyotur
371 3938 432 3990 lrine
449 3938 571 4000 Botdiur]
590 3938 633 3990 hio
