2550 4350
96 154 156 216 140
573 157 692 209 Ptnvrt
1032 170 1163 226 nsit-ct

96 332 198 395 Cunus.
229 330 304 406 Heu,
327 349 379 391 cor
400 331 440 391 mi
463 341 493 392 et
514 328 679 402 cerebrum,
702 329 856 404 Nicobule,
879 329 1011 404 finditur,

96 417 180 479 istius
201 415 330 478 bominis
352 414 404 476 ubi
429 416 461 476 fit
483 433 633 495 quomque
654 415 776 477 mentio.

95 511 150 563 tun
172 501 318 582 hospitem
341 500 424 562 illum
447 500 584 562 nominas
605 500 721 560 hostem
743 497 849 561 tuom?

95 587 158 648 Nic.
190 585 267 658 Quid
282 585 332 659 ita,
354 585 479 646 obsecro
495 582 617 647 bercle‘l
654 584 756 646 Cunus.
787 584 863 655 Quia
883 582 988 662 edepol
1003 589 1087 643 certo
1101 581 1167 654 scio,

96 671 252 744 Volcanus,
268 669 363 744 Luna,
379 670 438 743 Sol,
454 670 533 742 Dies,
549 669 596 730 dei
612 678 760 748 quattuor,
1130 676 1169 726 255

97 756 296 817 scelestiorem
313 755 427 817 nullum
442 754 576 816 inluxere
591 754 725 816 alterum.

98 840 163 901 Nic.
192 840 326 911 Quamne
342 838 599 900 Archidemidem?
635 839 737 900 Cunus.
766 839 870 911 Quam,
886 839 1017 917 inquam,
1034 834 1170 897 Archide-

453 923 571 985 midem.

100 1009 163 1070 Nic.
195 1009 272 1080 Quid
287 1006 380 1069 lecit?
414 1007 516 1070 Cunus.
546 1008 622 1079 Ouid
639 1027 701 1068 non
717 1007 808 1071 lecit‘l
824 1009 895 1091 quin
912 1022 944 1073 tu
959 1011 988 1072 id
1003 1029 1051 1072 me
1066 1011 1171 1092 rogaal

99 1093 299 1174 primumdum
314 1093 421 1154 infitias
436 1093 480 1155 ire
495 1093 593 1173 coepit
607 1092 676 1166 filio,

100 1197 209 1258 negare
224 1198 256 1239 se
271 1177 379 1239 debere
395 1178 449 1239 tibi
462 1177 634 1239 triobulum.
1133 1192 1174 1244 nm

101 1264 244 1325 continuo
260 1263 416 1342 antiquom
430 1264 576 1342 hospitem
593 1271 729 1323 nostrum
744 1262 800 1324 sibi

99 1348 300 1410 Mnesilochus
314 1348 472 1421 advocavit,
488 1348 666 1427 Pelagonem
680 1367 797 1424 scnem;

103 1453 138 1495 eo
154 1437 311 1513 praesente
324 1432 439 1494 bomini
454 1433 601 1511 extemplo
617 1433 746 1494 ostendit
761 1433 937 1513 symbolum,

101 1536 190 1597 quem
204 1526 267 1579 tute
282 1517 414 1591 dederas,
429 1518 465 1579 ad
481 1536 547 1577 eum
564 1526 598 1577 ut
612 1518 712 1589 lerret,
729 1518 798 1577 filio.

101 1603 164 1663 Nic.
187 1602 264 1673 Ouid
279 1601 331 1663 ubi
347 1603 374 1663 ci
390 1601 519 1663 ostendit
533 1600 721 1682 symbolum?
750 1602 852 1664 Cunus.
874 1601 944 1664 lulit
958 1603 1057 1665 dicere
1135 1613 1175 1666 act

102 1686 300 1748 adulterinum
316 1694 346 1748 et
360 1706 422 1748 non
439 1705 560 1765 eumpse
576 1705 640 1747 esse
655 1686 830 1766 symbolum.
872 1701 875 1706 ·

102 1781 234 1851 quotque
249 1772 404 1833 innocenti
418 1773 445 1832 ci
460 1771 534 1832 dixit
548 1770 757 1832 contumeliosi

102 1857 267 1919 adulterare
283 1875 350 1917 eum
368 1856 445 1917 aibat
460 1855 550 1918 robus
565 1857 681 1918 ceteris.

104 1941 167 2002 Nic.
190 1941 317 2001 Habetin
333 1939 459 2001 aurum?
482 1940 510 2000 id
527 1940 597 2000 mibi
612 1941 669 2001 dici
684 1941 759 2001 volo.

104 2025 207 2086 Cunus.
230 2026 390 2104 Postquem
406 2026 524 2104 quidem
539 2034 660 2103 praetor
674 2029 899 2105 recuperatores
914 2025 1002 2101 dedit,
1136 2035 1177 2086 276

103 2109 259 2171 damnatus
274 2110 401 2182 demum,
416 2110 444 2169 ri
459 2119 578 2169 coactus
592 2109 719 2170 reddidit

104 2195 248 2256 ducentes
263 2203 293 2254 et
308 2193 386 2254 mille
402 2193 580 2273 Philippum.
611 2194 674 2253 Nic.
697 2194 824 2253 Tantum
840 2194 950 2255 debuit.

105 2279 206 2341 Cunus.
229 2280 322 2340 Porro
338 2278 424 2340 etiam
440 2277 573 2340 ausculta
588 2296 717 2358 pugnam
733 2297 822 2358 mam
838 2279 929 2340 voluit
943 2278 1022 2340 dare.

103 2365 166 2425 Nm.
189 2365 326 2425 Etiamne
340 2362 455 2444 porro?
477 2381 534 2435 em,
551 2363 722 2443 accipitrina
736 2364 809 2424 baec
822 2382 902 2424 nunc
918 2364 983 2424 erit.

105 2449 247 2528 deceptus
261 2467 336 2522 sum,
353 2448 496 2528 Autolyco
512 2447 619 2528 hospiti
634 2466 738 2510 aurum
755 2448 874 2509 credidi.
1138 2457 1180 2507 275

105 2533 207 2595 Cunus.
230 2533 309 2605 Quin
325 2542 358 2593 tu
372 2533 450 2594 audi.
480 2532 543 2593 Nic.
567 2532 659 2594 lmmo
675 2533 828 2611 ingenium
841 2533 915 2594 aridi
930 2533 1007 2594 baud
1020 2549 1179 2612 pernoram

459 2617 592 2695 hospitis.

107 2703 208 2764 Cunus.
232 2704 390 2782 Postquam
406 2720 511 2763 aurum
526 2701 710 2775 abstulimus,
726 2702 757 2762 in
773 2719 875 2763 navem
899 2702 1138 2774 conscendimus,

106 2789 186 2849 domi
201 2788 364 2867 cupientes.
388 2788 464 2847 sorte
480 2795 513 2846 ut
527 2787 626 2847 adsedi
642 2787 672 2846 in
689 2795 780 2865 stega,
1104 2806 1107 2813 ·

106 2872 177 2934 dum
192 2872 416 2950 circumspecto,
432 2879 519 2949 atque
536 2889 591 2949 ego
605 2871 736 2933 lembum
751 2871 910 2951 conspicor

105 2956 238 3036 longum,
254 2956 420 3035 strigorem,
436 2956 599 3016 maleficum
616 2956 796 3015 exornarier.
1140 2963 1181 3014 286

193 3160 241 3211 251
260 3172 292 3208 eu
305 3156 374 3208 BCD
444 3157 493 3209 252
512 3170 641 3222 quomque
653 3155 808 3217 Lambinus]
821 3169 922 3221 quaque
992 3156 1043 3206 254
1055 3157 1124 3205 certe
1138 3153 1181 3205 Cli

107 3226 235 3279 2551una
254 3224 293 3276 sol
313 3224 440 3291 Guyctus]
459 3223 499 3275 sol
517 3223 577 3274 luna
664 3221 714 3273 diei
734 3222 790 3274 611¹
877 3225 926 3275 256
943 3222 1061 3273 inluxure
1079 3221 1114 3272 Βι

107 3296 155 3347 257
175 3308 284 3363 quemne
303 3292 349 3353 θ’,
367 3306 443 3358 quam
463 3291 488 3341 ni
508 3291 564 3341 011¹
634 3306 709 3357 quem
728 3290 766 3339 θ’
841 3292 888 3343 261
909 3289 1048 3341 continued
1065 3287 1183 3340 1575555-

108 3363 160 3412 liuc
176 3378 237 3413 noc.
256 3376 313 3412 ecc.
331 3360 366 3412 86
469 3360 518 3410 266
536 3357 579 3410 *et
598 3373 647 3409 non
667 3373 724 3409 eum
743 3372 800 3409 esse
814 3358 889 3408 codd.
908 3362 945 3421 (et
963 3372 1014 3408 non
1034 3362 1105 3409 tuum
1123 3370 1182 3409 esse

109 3429 260 3494 Vrcingiua,
278 3444 329 3480 non
348 3441 435 3478 verum
455 3440 511 3478 esse
531 3425 658 3493 cuperus)
745 3427 794 3478 268
813 3426 898 3477 aiebat
915 3426 972 3488 BD,
990 3425 1076 3476 alebat
1096 3424 1118 3476 0

108 3497 157 3548 269
176 3496 274 3560 *lmitte
293 3497 379 3558 baec:]
398 3494 502 3546 babetin
619 3495 667 3547 271
686 3493 797 3557 demum]
816 3493 932 3545 dcccium
952 3493 979 3555 C,
997 3493 1028 3544 dc
1046 3492 1129 3544 otium
1146 3491 1184 3542 Ι)ι

108 3567 157 3617 272
176 3564 247 3615 mille
265 3568 291 3615 et
309 3563 434 3615 ducentos
446 3563 547 3612 Parem
558 3558 604 3626 (ef.
619 3561 684 3614 llud¹
696 3560 771 3625 1328)
841 3563 890 3613 274
908 3561 1019 3613 etiamne
1031 3563 1071 3611 est
1083 3562 1185 3626 (etiam-

108 3634 183 3684 ncst‘?
195 3632 228 3695 B)
246 3630 308 3697 quid
320 3645 395 3697 porro
408 3630 493 3691 codd,
511 3645 581 3681 corr.
596 3631 736 3694 Wmngius
802 3644 842 3680 em
852 3629 943 3680 —erit
956 3628 1086 3695 Chrysalo
1098 3629 1185 3692 codd,

108 3699 239 3750 Nicobulo
259 3698 425 3748 Hermaeum
442 3697 517 3748 dedit
611 3698 669 3748 bem
689 3697 734 3747 OD
819 3696 907 3762 accipe
925 3698 990 3748 trina
1008 3696 1094 3761 codd,
1113 3711 1184 3748 corr.

108 3768 276 3818 Hermaeum
361 3769 410 3818 275
430 3765 542 3817 autolico
562 3765 594 3828 D,
613 3765 722 3816 autolico
742 3764 769 3828 O,
787 3764 905 3816 auioloco
923 3766 946 3815 B
1027 3766 1077 3816 276
1096 3765 1184 3826 immol

108 3836 166 3887 bem
185 3833 343 3886 llitoelrelies
434 3835 482 3884 278
502 3833 570 3884 domi
589 3832 754 3895 llitscdeliuo]
774 3831 876 3884 domum
894 3831 940 3897 (cf.
961 3831 1034 3883 Τνίνι.
1053 3832 1116 3895 841)

109 3907 159 3957 279
178 3904 362 3968 circumspecto
375 3903 441 3962 ¹[me]
460 3899 617 3951 Ribcdelz’us
698 3902 747 3952 286
765 3900 871 3967 longum
889 3899 1041 3966 strigorem
1058 3901 1091 3963 B,
1108 3901 1127 3956 l.
1146 3902 1187 3952 eat
