2544 4364
513 159 697 214 PRAEFATIO
1097 160 1139 214 Vll

65 334 160 396 datur.
198 333 283 394 cuius
305 332 348 394 rei
364 332 482 411 insigne
498 331 664 412 exemplum
680 331 801 412 praebet
816 331 910 392 hiatus
924 330 1037 392 scilicet
1051 331 1138 393 Plau-

66 419 155 481 tinus.

152 502 271 564 Hiatum
293 510 411 582 praeter
432 519 572 562 versuum
595 520 655 562 non
679 518 861 562 conexorum
884 500 1026 572 confinia,
1054 518 1139 560 voces

66 587 284 670 monosyllabas
299 589 330 650 in
347 587 420 649 arsis
434 586 547 649 solutae
563 586 648 647 initio
665 594 774 661 acutas,
796 585 1017 647 interiectiones
1034 602 1138 645 mono-

65 671 192 754 syllabas
214 672 333 752 (quibus
349 672 480 733 hiulcum
504 689 565 732 non
582 671 659 732 ellici
682 688 851 733 sermonem
873 678 1032 732 senserunt
1047 669 1138 730 bent-

67 759 142 821 leius
157 757 348 819 Hermannus
363 756 567 835 liitschelius),
589 756 702 817 hiatum
717 756 822 835 igitur,
845 755 896 834 qui
919 763 963 816 est
985 754 1082 817 hiatus
1100 754 1139 815 ita

66 843 110 905 uti
132 861 242 904 nomen
264 842 411 922 possidet,
434 841 528 903 ullum
550 841 701 903 admisisse
719 840 854 901 Plautum
877 857 970 917 nego,
994 859 1054 900 non
1079 856 1137 918 quo

66 927 202 990 codicum
224 927 429 988 auctoritatem
453 926 503 1005 qui
527 925 653 987 cuiusvis
674 925 793 1005 generis
820 933 972 987 sescentos
993 923 1139 1004 praebent

65 1020 177 1075 temere
199 1012 282 1073 nihili
303 1012 420 1085 laciam,
447 1010 497 1072 sed
520 1009 673 1090 multiplici
695 1009 922 1071 ratiocinatione
942 1027 1014 1071 sane
1037 1028 1098 1070 non
1122 1028 1138 1069 a

66 1116 114 1159 me
128 1097 225 1178 primo
241 1096 375 1158 instituta
390 1097 483 1157 iretus
500 1113 576 1174 quae
592 1105 621 1156 et
635 1095 735 1174 potior
750 1102 794 1156 est
808 1093 951 1156 librorum
968 1094 1024 1154 lide
1040 1102 1070 1154 et
1086 1112 1138 1155 cur

66 1182 176 1244 totiens
191 1181 290 1242 hietur
303 1181 334 1241 in
350 1179 434 1242 libris
448 1180 536 1242 simul
558 1180 693 1260 explicat.
723 1180 852 1259 primum
874 1179 962 1258 igitur
977 1178 1060 1239 rideo
1077 1178 1139 1239 En-

67 1267 150 1329 nium
165 1273 284 1346 praeter
297 1265 431 1327 licentias
454 1265 614 1326 nonnullas
635 1265 823 1344 graecanicas
845 1262 882 1325 ah
905 1264 969 1343 ipso
992 1263 1023 1324 in
1046 1272 1138 1325 artem

66 1350 206 1413 admissas
221 1351 360 1430 ignorare
375 1350 496 1424 hiatum,
520 1350 640 1411 Terenti
655 1349 830 1423 comoedias,
854 1367 926 1428 quas
941 1347 1054 1410 scilicet
1069 1367 1137 1410 eru-

66 1436 120 1497 diti
134 1435 271 1497 homines
293 1435 391 1496 statim
414 1443 443 1496 et
465 1452 533 1495 mox
555 1434 739 1513 grammatici
761 1432 899 1494 manibus
920 1430 1084 1508 versabant,
1106 1433 1137 1493 in

66 1519 217 1582 codicibus
232 1521 294 1580 iere
310 1527 444 1581 carentes
458 1519 565 1581 hiulcis
579 1519 700 1580 vocibus
723 1518 789 1597 legi,
812 1518 992 1597 posteriores
1007 1517 1138 1579 Ennium

66 1605 159 1684 sequi,
181 1603 324 1665 vocabula
345 1603 469 1666 iambica
491 1623 558 1666 cum
575 1602 768 1683 sequentibus
789 1604 852 1664 lere
869 1621 929 1664 non
953 1604 1137 1674 contrahere,

66 1689 160 1770 ipsam
175 1689 387 1770 synaloepham
409 1689 479 1751 inde
496 1688 532 1750 ab
549 1688 652 1751 Ovidio
674 1697 790 1750 tantum
805 1707 865 1749 non
889 1688 1052 1768 expellere,
1076 1687 1137 1748 hia·

27 1830 33 1834 .
65 1783 129 1836 tum
150 1775 289 1854 ignorare
305 1793 423 1851 omnes;
446 1775 529 1836 video
547 1773 641 1836 Plauti
664 1792 764 1835 versus
786 1775 910 1834 refertos
933 1792 996 1834 esse
1016 1772 1138 1833 vocibus

66 1858 314 1933 coalescentibus,
338 1878 400 1919 non
423 1859 454 1919 in
477 1859 620 1920 continuo
642 1866 758 1919 tantum
780 1876 934 1927 sermone,
962 1857 1013 1918 sed
1039 1858 1070 1918 in
1093 1856 1138 1917 di·

65 1944 185 2018 stincto,
201 1943 280 2004 inter
294 1962 438 2023 personas
452 1943 618 2018 distributo,
634 1941 829 2005 incisionibus
840 1942 978 2016 distento,
994 1950 1027 2004 ut
1041 1942 1138 2003 hiatus

65 2028 103 2090 ad
118 2027 262 2090 librorum
279 2028 425 2090 rationem
446 2028 608 2090 intermixti
623 2029 749 2090 lectores
764 2028 956 2101 haesitantes,
978 2027 1137 2088 histriones

66 2113 167 2192 (atque
182 2131 306 2175 scaenae
321 2114 396 2174 haec
417 2115 527 2192 scripta
541 2121 619 2188 sunt,
643 2133 703 2174 non
720 2113 839 2174 lectioni
862 2121 912 2174 aut
930 2112 1136 2190 grammatico-

67 2215 136 2259 rum
153 2197 270 2275 studiis)
293 2197 490 2260 balbutientes
517 2199 683 2260 necessario
705 2198 888 2273 effecissent3
914 2197 998 2258 video
1021 2197 1138 2258 Cicero-

68 2301 139 2344 nem
155 2290 227 2344 noto
241 2282 374 2344 Oratoris
388 2283 454 2344 loco
471 2302 506 2344 ex
518 2282 615 2345 Ennio
626 2283 737 2344 hiatum
752 2283 969 2361 graecanicum,
985 2301 1021 2342 en
1032 2281 1138 2342 Naevio

68 2363 129 2429 duo
148 2367 247 2429 hiatus
262 2386 323 2428 non
345 2366 458 2442 hiatus,
481 2387 517 2429 en
533 2367 634 2430 Plauto
651 2369 766 2429 nullum
780 2369 910 2441 adferre,
932 2375 1034 2447 poetas
1049 2384 1138 2445 quos-

68 2452 134 2514 dam
150 2460 185 2512 ut
198 2470 300 2514 versus
323 2452 456 2514 facerent
477 2471 563 2533 saepe
578 2453 683 2528 hiasse,
706 2453 757 2513 sed
780 2472 818 2513 ne
841 2452 930 2513 licere
946 2450 1064 2529 quidem
1078 2450 1139 2510 Ro-

68 2536 165 2598 manis
180 2536 351 2599 hominihus
365 2556 453 2598 voces
467 2538 629 2599 distrahere
644 2537 878 2617 praedicantem,
901 2553 972 2614 ergo
987 2536 1018 2596 in
1034 2553 1139 2597 scaena

68 2620 184 2682 hiulcos
198 2639 351 2683 sermones
365 2622 555 2700 pronuntiari
577 2622 709 2701 potuisse
732 2631 761 2683 ct
778 2622 885 2701 ipsum,
908 2621 959 2699 qui
983 2639 1039 2683 nec
1053 2638 1138 2701 spec·

67 2704 190 2767 taretin
205 2724 312 2768 scaena
327 2706 487 2768 Naevianas
509 2706 621 2768 tabulas
643 2715 672 2768 ct
693 2705 909 2787 exemplaribus
931 2714 1065 2767 uteretur
1082 2706 1139 2766 iam

70 2789 194 2852 noviciis
208 2790 312 2851 lormis
330 2790 464 2867 iniectas,
488 2809 610 2870 negare3
633 2792 716 2853 video
739 2791 840 2852 formis
854 2790 1064 2871 vetustioribus
1082 2790 1139 2851 lin·

70 2891 146 2952 guae
167 2875 289 2936 Latinae
310 2875 405 2937 Plauti
425 2884 520 2938 aetate
540 2876 743 2937 incredibilem
764 2877 794 2936 in
818 2876 938 2937 modum
960 2874 1139 2948 fluctuantis,

69 2958 173 3020 formis
183 2960 273 3038 igitur
288 2978 361 3038 quas
372 2960 441 3022 libri
452 2980 513 3022 non
526 2960 679 3041 praebent,
695 2961 782 3034 tituli,
798 2961 988 3040 grammatici,
1004 2960 1139 3040 analogia

69 3041 223 3123 praebent,
244 3063 382 3124 magnam
397 3045 536 3107 hiatuum
552 3053 665 3125 partem
683 3046 843 3107 removeri:
867 3064 925 3125 qua
947 3046 983 3106 de
1004 3063 1037 3106 re
1060 3044 1138 3124 quod

70 3126 205 3189 nondum
217 3129 366 3208 explorata
377 3138 449 3191 sunt
459 3129 567 3203 omnia,
584 3129 726 3208 quaedam
737 3138 849 3191 temere
861 3131 983 3208 prolata,
998 3129 1034 3191 ad
1049 3147 1139 3208 quae·

71 3212 198 3274 rendum
221 3213 293 3288 hoc,
316 3232 377 3274 non
394 3215 429 3275 ad
452 3214 638 3276 infitiandum
660 3214 782 3276 inlicere
804 3234 860 3276 nos
881 3213 982 3290 debet;
1010 3214 1139 3293 denique

71 3297 152 3375 (nam
168 3298 248 3376 quod
264 3298 355 3359 codex
371 3299 532 3378 rescriptus
547 3299 642 3361 hiatus
657 3300 856 3361 Palatinorum
876 3299 985 3361 multos
999 3298 1075 3359 tollit
1088 3299 1139 3359 ad·

71 3381 150 3442 terre
172 3380 259 3443 nolo:
282 3401 342 3444 non
365 3401 488 3463 parvum
510 3384 629 3462 quidem
654 3385 725 3459 hoc,
755 3385 806 3446 sed
828 3384 956 3463 singula,
987 3403 1048 3445 non
1076 3402 1138 3444 rem

71 3465 167 3544 ipsam
178 3466 282 3545 tangit)
299 3467 427 3548 denique
439 3467 522 3529 video
538 3469 569 3529 in
585 3469 676 3530 titulis
691 3470 821 3531 metricis
837 3488 897 3531 non
913 3470 1039 3532 indoctis
1054 3479 1139 3530 antea

69 3550 190 3628 quidem
205 3550 317 3625 nullos,
340 3552 409 3613 inde
425 3551 462 3613 ab
478 3552 617 3614 Hadriani
633 3563 727 3615 aetate
741 3554 904 3634 permultos
920 3555 1015 3616 hiatus
1030 3555 1137 3634 depre-

69 3633 171 3697 hendi.
207 3635 309 3697 Plauto
331 3637 422 3716 igitur
436 3637 548 3700 hiulcas
566 3657 652 3700 voces
674 3657 819 3718 nusquam
835 3639 1013 3713 tribuemus,
1035 3638 1140 3719 procul

70 3717 189 3780 habitos
203 3737 267 3781 esse
282 3719 414 3783 dicemus
433 3741 448 3782 a
464 3723 649 3785 senariorum
664 3725 794 3785 caesuris
808 3726 853 3802 (ac
864 3725 951 3805 plane
967 3724 1080 3785 alienus
1095 3731 1140 3784 cst

69 3820 87 3863 a
102 3820 242 3866 caesurae
257 3805 422 3867 trochaicae
438 3815 543 3869 natura
558 3808 675 3885 hiatus),
691 3809 811 3870 minime
825 3810 965 3871 toleratos
979 3809 1010 3870 in
1026 3826 1139 3870 sermo-

71 3887 119 3950 nis
133 3886 376 3969 interpunctione
391 3899 442 3952 aut
456 3893 619 3955 mutatione
634 3911 839 3973 personarum,
864 3896 985 3955 fortasse
999 3892 1139 3955 admissos
