2544 4364
347 942 842 1047 PROLOGVS

408 1236 496 1296 [ΑΒ
518 1236 785 1298 rtultttuls

146 1373 188 1433 Ne
211 1372 278 1451 quis
298 1371 423 1432 miretur
444 1372 494 1450 qui
515 1372 579 1447 sim,
603 1373 704 1451 paucis
727 1373 857 1450 eloquar.

61 1477 117 1537 ego
139 1458 197 1518 Lar
218 1476 284 1518 sum
306 1457 456 1518 familiaris
478 1476 514 1517 ex
535 1457 590 1518 hac
605 1457 712 1518 familia

61 1543 141 1604 unde
164 1553 320 1604 exeuntem
342 1561 390 1603 me
411 1543 572 1622 aspexistis.
616 1543 693 1603 hanc
714 1542 834 1602 domum

61 1630 119 1690 iam
140 1628 249 1688 multos
271 1647 366 1689 annos
388 1637 432 1689 est
453 1647 543 1706 quom
565 1628 702 1708 possideo
724 1636 753 1689 et
776 1629 857 1704 colo;

62 1714 139 1794 patri
161 1713 237 1790 [lavi]
262 1731 373 1791 avoque
395 1713 452 1773 iam
474 1714 561 1775 huius
583 1715 634 1792 qui
657 1732 738 1775 nunc
760 1713 808 1774 hic
829 1713 927 1774 habet.

62 1799 113 1861 sed
135 1803 176 1859 ml
198 1817 266 1859 avos
288 1799 376 1859 buius
399 1799 558 1860 obsecrans
581 1798 763 1860 concredidit

61 1885 254 1945 thensaurum
277 1884 340 1943 auri
363 1878 457 1966 [olim]
480 1885 555 1945 clam
577 1885 687 1946 omnis:
710 1884 741 1944 in
764 1883 860 1944 medio
883 1885 949 1944 loco

63 1969 181 2044 defodit,
204 1988 348 2030 venerans
371 1988 418 2030 me
439 1980 473 2030 ut
494 1968 523 2030 id
545 1989 692 2031 servarem
714 1968 779 2039 sihi,

63 2056 88 2116 is
110 2055 251 2132 quoniam
274 2054 399 2115 moritur
420 2055 473 2132 (ita
494 2055 575 2115 avido
598 2055 718 2134 ingenio
742 2055 818 2132 luit),

63 2159 224 2219 numquam
246 2140 376 2201 indicare
399 2139 427 2200 id
449 2141 509 2201 lilio
533 2141 622 2202 voluit
644 2160 707 2214 suo,

62 2227 243 2304 inopemque
264 2225 375 2304 optavit
395 2226 494 2305 potius
516 2245 583 2287 eum
605 2227 783 2304 relinquere,

64 2328 152 2390 quam
174 2329 241 2371 eum
263 2311 454 2372 thensaurum
477 2320 723 2373 commonstraret
743 2310 820 2384 filio;

64 2396 127 2475 agri
148 2396 267 2475 reliquit
288 2396 315 2456 ei
337 2415 397 2457 non
421 2414 561 2475 magnum
582 2395 712 2468 modum,

64 2500 124 2561 quo
146 2500 214 2542 cum
237 2481 336 2542 labore
358 2499 465 2560 magno
489 2490 518 2542 et
539 2482 644 2543 misere
665 2481 783 2540 viveret.

64 2566 114 2627 ubi
137 2566 162 2627 is
185 2566 257 2627 obiit
278 2575 403 2626 mortem
428 2566 478 2645 qui
500 2567 539 2626 mi
561 2566 591 2626 id
613 2584 717 2627 aurum
740 2563 871 2637 credidit,

65 2651 150 2730 coepi
173 2651 337 2723 observare,
360 2652 446 2729 ecqui
469 2652 609 2712 maiorem
632 2651 709 2713 filius

64 2737 105 2796 mi
126 2730 271 2797 bonorem
293 2736 415 2797 baberet
437 2754 526 2816 quam
550 2738 612 2798 eius
633 2735 783 2797 habuisset
803 2742 895 2814 pater.

10 2884 12 2897 ,
64 2832 152 2901 atque
174 2822 223 2882 ille
244 2841 314 2882 vero
336 2822 435 2882 minus
456 2823 613 2902 minusque
636 2819 778 2901 inpendio

64 2925 169 2968 curare
191 2907 349 2986 minusque
371 2926 417 2968 me
438 2907 589 2987 impertire
609 2906 782 2969 honoribus.

64 2993 135 3054 item
157 3012 172 3053 a
194 3011 242 3053 me
264 3001 366 3054 contra
387 2994 533 3067 factumst,
556 3012 624 3055 nam
645 2995 716 3054 item
739 2990 812 3051 obiit
834 2991 921 3051 diem.

64 3078 90 3139 is
112 3097 148 3138 ex
169 3097 201 3139 se
222 3077 304 3139 hunc
326 3078 445 3156 reliquit
466 3079 517 3158 qui
539 3079 586 3139 hic
609 3097 690 3139 nunc
711 3076 824 3135 habitat
845 3075 937 3135 lilium

63 3164 175 3242 pariter
196 3173 342 3223 moratum
365 3172 398 3224 ut
419 3172 503 3242 pater
524 3182 650 3242 avosque
672 3161 761 3222 huius
781 3160 844 3220 luit.

63 3248 134 3309 huic
156 3248 215 3308 tilia
235 3267 295 3308 una
318 3257 370 3309 est.
415 3266 448 3308 ea
470 3248 542 3308 mihi
564 3248 684 3309 cottidie

64 3342 117 3393 aut
137 3342 204 3394 ture
227 3344 277 3394 aut
298 3333 366 3393 vino
388 3342 438 3395 aut
459 3333 548 3413 aliqui
569 3351 686 3412 semper
708 3329 861 3409 supplicat,

150 3552 202 3604 Laut
219 3566 359 3602 ruurmums
377 3553 431 3617 BE,
449 3567 499 3602 om.
516 3551 542 3600 D
645 3553 660 3602 2
678 3565 733 3601 sum
756 3549 795 3600 lar
812 3548 967 3597 Priscianus
989 3551 1016 3596 et
1032 3547 1133 3596 Probus

65 3622 164 3672 cathol.
238 3623 358 3686 dquam]
377 3625 405 3671 ut
422 3619 526 3672 Nouius
594 3619 715 3681 5*[lavi]
785 3615 898 3678 'l[olim]
918 3615 1065 3668 Muellerus

67 3692 100 3741 16
118 3695 144 3740 et
157 3689 200 3755 qui
212 3689 292 3752 BDE,
310 3692 337 3739 et
355 3687 431 3767 quide
443 3687 549 3740 Nouius
566 3688 644 3752 (idem
661 3685 742 3737 filium
760 3690 786 3735 et
799 3687 829 3738 ll
843 3684 957 3763 habere);
976 3683 1049 3762 ecqui
1058 3683 1134 3747 prio-

64 3773 127 3878 l‘ll
140 3762 312 3889 tuph„
330 3758 362 3876 ²13
375 3755 439 3889 2¹²,
456 3761 841 3890 ,totunderunt-tlt
860 3751 1133 3885 lddedfblqmm

65 3896 98 3947 21
119 3909 185 3944 nunc
203 3910 253 3946 om.
269 3893 375 3945 Nonius
443 3894 475 3944 22
494 3907 608 3960 anusque
626 3893 681 3943 eius
698 3891 816 3957 Seruius,
834 3894 910 3957 atque
929 3903 993 3940 avus
1010 3888 1065 3940 eius
1077 3885 1132 3940 No-

64 3965 129 4014 uius
198 3963 231 4013 24
247 3960 343 4029 aliquid
360 3961 385 4010 d
