2544 4364
63 213 201 264 666-66
510 192 703 248 AllPlllTllvo
1099 193 1140 253 29

66 387 143 449 quae
157 386 204 429 me
220 375 306 440 amat,
323 384 412 446 quam
426 374 529 428 eontra
545 385 626 427 amo:
641 366 816 446 praesertim
830 384 863 426 re
878 374 959 444 gesta
973 368 1062 444 bene,
1077 406 1080 413 ,
1096 378 1141 430 666

67 454 153 515 victis
167 451 317 527 hostibus;
334 471 409 531 quos
424 469 513 512 nemo
528 469 616 531 posse
630 451 766 530 superari
781 459 884 526 ratust,

69 559 122 601 eos
136 537 267 618 auspicio
283 555 349 599 meo
365 545 453 615 atque
469 537 560 597 ductu
574 536 672 615 primo
687 545 773 597 coetu
790 537 922 598 vicimus.

68 632 150 686 certe
166 624 245 684 euim
261 641 308 684 me
322 622 363 683 illi
379 629 564 702 expectatum
580 629 681 700 optato
696 630 853 683 venturum
868 623 939 683 scio.

69 709 135 771 Sos.
166 707 265 779 Quid?
280 726 328 769 me
343 725 405 768 nou
421 725 488 768 rere
502 715 689 785 expectatum
705 707 814 767 amicae
828 715 987 768 venturum
1002 705 1106 770 meae?

67 795 139 856 dno.
172 792 255 854 biens
269 793 313 853 vir
328 792 375 854 bic
391 791 547 870 quidemst.
590 790 682 852 burn.
714 791 845 869 Sequere
857 792 912 853 bae
927 800 959 853 tu
970 810 1028 854 me
1071 793 1141 854 Anu.

374 876 447 937 Nam
463 876 534 955 quid
550 877 709 937 revortitur
1098 889 1143 939 666

70 963 121 1044 qui
136 962 247 1024 dudum
262 979 426 1042 properare
440 980 473 1022 se
488 959 585 1022 aibat?
601 980 638 1022 an
654 962 703 1022 ille
717 979 765 1022 me
779 969 904 1041 temptat
918 962 1015 1024 sciens

70 1057 159 1127 atque
173 1047 201 1110 id
218 1066 249 1110 se
263 1047 324 1108 volt
338 1046 476 1125 experiri,
492 1064 576 1108 suom
592 1046 703 1107 abitum
720 1055 754 1108 ut
767 1045 952 1108 desiderem?

71 1140 188 1195 ecastor
201 1132 269 1193 med
284 1132 361 1193 baud
378 1132 468 1191 invita
483 1150 515 1193 se
530 1130 650 1192 domum
666 1131 772 1210 recipit
786 1150 879 1193 suam.
1094 1138 1133 1177 ’Κ

71 1220 136 1280 Sos.
151 1217 337 1297 Amphitruo,
349 1216 446 1290 redire
456 1215 493 1277 ad
505 1234 609 1277 navem
621 1217 739 1277 meliust
750 1235 815 1277 nos.
847 1218 939 1278 burn.
955 1216 1022 1288 Qua
1032 1215 1144 1296 gratia?

72 1303 136 1364 Sos.
168 1302 243 1373 Quia
258 1302 338 1363 domi
352 1300 475 1362 daturus
491 1310 607 1362 nemost
621 1302 778 1382 prandium
793 1301 1028 1363 advenientibus,
1101 1312 1144 1363 666

69 1389 164 1449 Auru.
194 1387 252 1458 Qui
266 1386 321 1448 tibi
336 1404 419 1446 nune
434 1386 509 1447 istuc
524 1387 555 1446 in
570 1384 752 1447 mentemst?
795 1387 860 1448 Sos.
890 1386 965 1457 Quia
980 1387 1060 1448 enim
1075 1405 1143 1449 sero

377 1470 557 1531 advenimus.

69 1557 162 1618 Auru.
193 1554 273 1627 Qutt
323 1556 388 1618 Sos.
418 1555 494 1627 Quia
508 1556 702 1616 Alcumenam
724 1565 792 1617 aute
814 1556 893 1617 aedis
915 1567 992 1618 stare
1015 1564 1143 1618 saturam

377 1641 526 1720 intellego.

69 1728 163 1789 donn.
198 1725 353 1787 Gravidam
374 1745 429 1805 ego
455 1726 543 1786 illanc
566 1725 615 1786 hic
639 1724 745 1804 reliqui
766 1731 857 1803 qudm
877 1725 961 1787 abeo.
1014 1725 1078 1787 Sos.
1108 1725 1144 1786 Ei

399 1830 452 1872 ern
467 1829 566 1871 miser.

69 1897 162 1957 Auen.
193 1894 269 1968 Quid
290 1829 397 1957 tibistl‘d
445 1894 510 1956 Sos.
546 1894 589 1954 66
609 1913 715 1973 aquam
736 1893 935 1974 praebendam
955 1896 1144 1957 commodum

378 1980 482 2041 adveni
497 1980 629 2053 domum,

71 2064 197 2125 decumo
213 2073 281 2144 post
295 2083 407 2138 mense,
422 2073 455 2125 ut
470 2065 614 2125 rationem
630 2073 660 2125 te
676 2074 780 2144 putare
795 2064 945 2142 intellego.
1100 2075 1145 2125 676

70 2152 165 2211 Auru.
195 2149 451 2211 bonoanimoes.
496 2149 560 2210 Sos.
592 2149 662 2211 Scin
684 2167 772 2228 quam
794 2149 873 2210 bono
896 2149 995 2210 animo
1016 2147 1095 2212 sim‘l
1120 2150 1143 2210 si

374 2235 491 2297 situlam
507 2253 625 2313 cepero,

73 2335 235 2397 numquam
250 2318 357 2399 edepol
373 2329 404 2380 tu
418 2320 490 2380 mibi
504 2319 593 2380 divini
609 2317 727 2380 creduis
743 2319 906 2397 posthunc
920 2319 1007 2393 diem,
1130 2322 1163 2380 4

74 2407 107 2463 nl
122 2420 178 2482 ego
193 2403 234 2464 illi
248 2411 349 2482 puteo,
366 2405 390 2465 si
405 2423 542 2483 occepso,
558 2405 685 2465 animam
702 2422 821 2463 omnem
836 2403 1043 2464 intertraxero.

72 2488 166 2549 Auen.
190 2487 321 2567 Sequere
331 2489 387 2549 bac
397 2508 445 2550 me
455 2489 561 2564 modo;
577 2489 664 2561 alium
678 2507 734 2566 ego
745 2488 792 2548 isti
804 2488 848 2547 rei
859 2487 1000 2565 allegabo,
1014 2506 1051 2548 ue
1063 2488 1141 2546 time.

72 2572 142 2634 666.
164 2573 255 2651 Magis
272 2592 353 2636 nuno
369 2569 440 2657 [me]
456 2592 556 2634 meum
573 2572 702 2633 olfieium
717 2573 823 2642 lacere,
839 2572 864 2633 si
878 2570 949 2633 huic
964 2590 1027 2632 eam
1040 2573 1144 2633 advor-

382 2677 458 2732 sum,
474 2656 611 2718 arbitror.
1006 2700 1008 2705 ,
1100 2667 1144 2717 676
1191 2652 1215 2705 ³4

72 2742 164 2802 Auen.
195 2742 371 2821 Amphitruo
387 2761 510 2805 uxorem
526 2744 630 2804 salutat
646 2743 739 2803 laetus
753 2749 900 2821 speratam
916 2760 1009 2814 suam,

72 2844 161 2905 quam
178 2827 310 2887 omnium
325 2827 435 2889 Thebis
449 2829 495 2888 vir
508 2847 598 2889 unam
613 2847 676 2888 esse
692 2835 842 2906 optumam
857 2825 1006 2901 diiudicat,

72 2928 222 2990 quamque
236 2911 309 2974 adeo
326 2912 403 2976 cives
418 2913 552 2974 Thebani
567 2932 636 2974 vero
651 2913 827 2974 rumiferant
841 2911 974 2992 probam.

159 3063 207 3114 657
226 3061 332 3114 inductu
343 3063 417 3114 BDE
429 3061 504 3126 (fort.
517 3062 594 3114 ductu
608 3063 644 3126 in)
692 3063 867 3127 potiurcoitu
919 3064 968 3116 656
981 3065 1097 3128 optatum
1109 3061 1147 3113 161

73 3130 123 3181 666
141 3128 221 3195 *quid
237 3129 282 3180 ille
299 3145 351 3182 rev.
370 3131 446 3181 6666.
549 3132 597 3183 661
617 3144 675 3181 sese
694 3129 778 3191 6666,
797 3146 867 3181 corr.
884 3129 999 3196 Pylades
1094 3129 1146 3182 aie·

72 3195 119 3248 bat
221 3199 272 3249 662
289 3198 311 3248 si
329 3198 415 3262 6666,
433 3214 503 3248 corr.
521 3197 662 3248 66666ἰί66
748 3197 863 3248 habitum
952 3199 1001 3249 663
1020 3212 1061 3248 me

73 3264 124 3316 666
139 3267 253 3316 mentem
270 3266 342 3317 venit
360 3266 448 3331 6666,
466 3282 536 3317 corr.
554 3265 754 3316 Lindemannus
770 3265 852 3330 (venit
869 3264 919 3315 del.
937 3264 1060 3328 6666666)

72 3332 118 3450 qui
134 3332 210 3384 BDE
286 3335 335 3386 666
354 3334 424 3384 illam
503 3348 578 3400 quam
597 3333 680 3384 liabeo
697 3334 772 3384 BDE
848 3335 898 3385 669
916 3330 1076 3384 commodum
1095 3347 1147 3385 om.

97 3399 163 3451 ‘Did
231 3402 281 3453 676
299 3400 395 3454 dictare
414 3402 497 3466 codd,
516 3417 586 3456 corr.
605 3402 747 3466 lsseingt'ue
825 3403 872 3453 671
893 3399 916 3451 si
933 3399 1035 3451 situlam
1054 3415 1146 3466 cepero

75 3466 254 3531 Carmelus]
272 3469 295 3520 si
312 3469 416 3521 situlam
433 3471 484 3521 iam
503 3485 595 3534 cepero
612 3469 657 3532 13²,
675 3471 712 3521 si·
732 3485 753 3522 s.
763 3469 780 3522 i.
790 3483 812 3520 6.
830 3468 873 3527 15¹,
891 3468 1031 3520 sisistulam
1049 3468 1066 3520 i.
1079 3484 1101 3520 c.
1114 3469 1146 3531 E,

74 3535 97 3587 si
113 3549 136 3589 s.
146 3536 165 3588 i.
176 3551 205 3587 ea
224 3551 316 3602 cepero
327 3538 354 3588 D
423 3541 473 3591 672
491 3536 570 3589 divini
589 3537 689 3589 creduis
705 3538 828 3598 Balbine]
846 3535 927 3587 divini
939 3537 1075 3603 quiequam
1094 3551 1147 3588 ere-

72 3601 132 3656 6666
143 3603 227 3669 θ’θ’,
244 3603 307 3672 dq.
320 3605 420 3657 aredius
432 3606 500 3666 B¹E,
518 3605 541 3658 d.
558 3621 634 3672 quam
653 3605 753 3657 credine
766 3604 804 3654 11¹
871 3607 922 3657 673
941 3619 1051 3670 occepso
1070 3608 1148 3655 66666-

72 3675 123 3722 tor
138 3670 253 3736 Nouius]
272 3677 380 3739 eccepto
458 3677 508 3727 674
525 3674 637 3739 alligabo
654 3673 729 3724 BDE
803 3673 852 3724 675
871 3671 1149 3735 [me1biodemaonus

73 3738 159 3791 iacere
176 3739 199 3791 si
217 3741 398 3805 Camerarius]
417 3742 513 3793 laceres
531 3742 650 3804 (lacerem
672 3742 693 3791 si
713 3740 807 3804 Laod.)
912 3741 962 3792 676
979 3740 1076 3791 salutet
1093 3740 1148 3791 No·

71 3811 137 3858 6666
153 3807 200 3869 3²]
223 3809 323 3860 salute·
344 3809 387 3873 13¹,
410 3811 505 3861 salutet
520 3811 572 3861 ΒΕ
674 3811 724 3861 678
742 3808 807 3859 6666
825 3807 943 3870 B¹D²E¹,
965 3807 1024 3858 ideo
1043 3807 1149 3859 Nonius

65 3889 137 3928 nero
154 3875 303 3929 rumiferant
321 3882 433 3928 testatur
450 3877 565 3941 Nonius]
582 3893 644 3930 vero
662 3875 806 3928 rumifieant
823 3875 868 3940 pn,
892 3890 981 3926 vemm
1004 3874 1148 3927 rumifieant

71 3941 121 4010 12¹,
138 3957 256 3996 verorum
272 3944 389 3998 unificant
404 3945 448 4011 13¹,
466 3960 584 3998 verorum
601 3944 739 3997 mirificant
755 3944 816 3995 B²It¹
