2544 4364
94 1038 119 1088 Α
137 1037 198 1089 solia
216 1036 339 1102 rescripta
358 1035 524 1087 Ambrosiana
547 1035 573 1087 in
592 1034 684 1103 quibus
703 1035 797 1088 servati
819 1040 879 1088 sunt
897 1035 1093 1089 Bacchidem
1111 1052 1167 1089 ver-

197 1119 241 1157 sus
259 1107 394 1157 sir-530
413 1109 439 1156 et
457 1104 591 1157 944-961

94 1239 117 1289 B
134 1237 215 1290 codex
233 1231 328 1290 ‘vetus'
349 1238 484 1289 Camerarii
509 1237 640 1289 Palatinus
665 1251 732 1289 nunc
750 1237 889 1290 Vaticanus
912 1253 979 1291 saec.
998 1238 1031 1290 xr
1054 1239 1168 1291 continet

196 1307 288 1426 dlldhsdaa
299 1305 432 1426 fflcaarl:
445 1305 490 1357 XX
509 1305 609 1358 labulas
622 1304 711 1358 ordine
723 1306 831 1372 vulgari,
849 1305 1019 1358 Bacchidibus
1037 1312 1096 1373 post
1109 1306 1167 1373 lipi-

95 1474 116 1526 0
138 1475 217 1527 codex
240 1469 408 1527 ‘decurtatus'
435 1473 567 1526 Palatinus
591 1473 813 1540 heidelbergensis
838 1473 970 1529 caecilii
993 1475 1108 1527 continet
1125 1473 1167 1526 llll

198 1542 298 1594 tabulas
317 1543 474 1608 posteriores
492 1556 599 1610 quarum
636 1543 697 1593 rima
718 1541 900 1595 Bacchides

93 1610 118 1660 D
136 1609 216 1663 codex
236 1609 320 1663 Vrsini
344 1609 481 1662 Vaticanus
504 1625 570 1661 saec.
589 1558 634 1661 xpi
655 1610 769 1661 continet
792 1609 1002 1676 Amphitruonem
1026 1608 1166 1662 Asinariam

197 1678 353 1730 Aululariam
373 1678 536 1745 Captivorum
554 1693 579 1729 r.
600 1679 698 1731 1-363
718 1683 743 1729 et
761 1676 805 1729 llll
823 1677 948 1730 decurtati
967 1677 1067 1730 fabulas

95 1780 117 1830 Ε
137 1780 218 1831 codex
236 1779 420 1832 Ambrosianus
439 1794 505 1832 saec.
524 1779 577 1830 lllll
596 1780 710 1831 continet
730 1778 783 1830 Vlll
801 1778 901 1830 labulas
919 1778 1016 1846 priores

94 1847 176 1898 codex
193 1847 371 1899 londinensis
388 1848 428 1912 (J)
446 1861 514 1900 saec.
531 1847 564 1898 lll
582 1847 697 1899 continet
719 1845 770 1897 Vlll
789 1846 889 1900 iabulas
908 1846 1005 1912 priores

93 1966 107 2003 ς
127 1947 242 2000 codicum
262 1963 276 1999 a
295 1947 378 2000 doctis
396 1947 465 1998 italis
484 1952 655 1999 correctorum
674 1948 815 2014 scripturae

93 2050 128 2100 Ba
147 2055 173 2102 et
191 2047 226 2100 Bb
244 2053 291 2100 etc.
311 2052 469 2100 correcturas
487 2063 501 2098 a
520 2047 600 2115 prima
619 2063 696 2100 manu
715 2049 795 2101 lactas
813 2047 934 2111 indicant,

95 2117 128 2167 Βι
146 2124 173 2169 et
192 2116 227 2168 ΒΞ
245 2122 292 2169 etc.
312 2120 469 2168 correcturas
488 2116 519 2167 ab
538 2116 617 2168 altera
636 2132 712 2168 manu
732 2117 812 2168 lactas

95 2239 107 2266 e
133 2219 249 2338 asteqsci
272 2218 339 2336 {nter
360 2217 459 2269 litteras
481 2217 559 2282 positi
583 2218 683 2270 litteras
705 2217 822 2283 quolibet
844 2215 920 2269 modo
945 2215 1106 2268 oblitteratas
1130 2215 1169 2265 in-

211 2300 268 2337 rcan

94 2387 108 2421 *
127 2388 264 2440 asteriscus
274 2387 435 2453 praepositus
446 2392 485 2439 est
497 2385 602 2438 editoris
612 2385 778 2448 coniecturis3
792 2386 837 2437 ubi
849 2384 976 2438 adiectum
986 2384 1071 2450 codd,
1082 2397 1167 2435 emen-

193 2455 262 2508 datio
280 2455 306 2506 in
324 2454 460 2508 verborum
478 2459 626 2506 contextum
649 2461 750 2520 recepta
771 2458 811 2505 est

94 2557 235 2624 scripturae
259 2555 328 2608 nulla
352 2560 412 2607 nota
430 2557 567 2622 insignitae
591 2555 706 2608 codicum
725 2569 877 2607 consensum
902 2552 1027 2615 indicant3
1051 2553 1123 2604 BDE
1141 2555 1166 2604 et

196 2624 221 2674 in
241 2621 410 2676 Bacchidibus
429 2623 497 2675 BCD
515 2623 654 2689 scripturae
679 2623 792 2676 additum
814 2622 898 2674 locum
923 2623 948 2674 in
973 2621 1062 2674 codice
1079 2621 1165 2686 aliquo

196 2697 337 2744 correctum
356 2706 413 2744 esse
432 2688 559 2756 significat
