2544 4364
569 161 689 216 PLAVTl
1014 182 1023 223 1
1037 184 1056 233 r,
1065 184 1171 226 roa-ms

134 334 229 395 Mane.
274 334 426 408 Aulerere,
443 354 505 396 non
521 335 625 408 abibis,
640 335 664 395 si
679 353 734 414 ego
750 337 857 398 fustem
874 355 1038 417 sumpsero.

135 419 199 480 Sos.
235 418 314 489 Quin
331 438 378 480 me
393 438 457 481 0000
473 420 561 481 huius
575 419 694 481 familiai
709 421 882 482 familiarem
897 423 1046 502 praedico.

132 504 226 565 Mane.
261 504 333 566 Vide
354 505 394 566 sis
417 522 504 583 quam
526 523 596 565 mox
617 505 756 585 vapulare
778 506 835 580 vis,
863 506 919 567 nisi
943 515 1074 569 actutum
1096 508 1168 571 hinc

440 589 512 650 abis.
1124 604 1169 655 380

132 673 197 736 800.
237 673 304 735 Tun
326 673 414 735 domo
436 673 596 818 propibere
617 693 742 758 peregre
763 693 810 736 me
833 676 1040 738 advenientem
1053 687 1168 757 postu-

440 759 482 821 las

132 842 226 904 Mane.
261 842 611 905 llaecinetuadomusti
655 843 719 905 Sos.
743 844 928 924 ltainquam.
972 845 1067 907 Mans.
1094 845 1170 917 Quis

440 947 509 990 erus
525 937 568 989 est
584 928 673 1006 igitur
689 926 766 989 tibi?

134 1013 198 1074 Sos.
233 1012 419 1091 Amphitruo,
436 1014 486 1092 qui
502 1031 584 1075 nunc
600 1015 782 1092 praefectust
797 1013 946 1075 Thebanis
961 1014 1137 1092 legionibus,

96 1139 99 1143 -
133 1098 254 1175 quicum
278 1107 399 1178 nuptast
419 1099 591 1227 Alcumena.
643 1098 738 1159 Mnac.
773 1099 850 1168 Quid
873 1097 936 1159 aisl
963 1101 1034 1178 quid
1056 1120 1166 1162 nomen

439 1182 538 1245 tibist.

134 1267 198 1328 Sos.
233 1266 346 1328 Sosiam
362 1278 469 1329 vocant
484 1267 628 1341 Thebani,
643 1267 722 1328 Davo
737 1276 917 1346 prognatum
934 1277 1027 1348 patre.
1124 1281 1169 1331 365

133 1351 227 1413 Marc.
262 1353 305 1413 Ne
321 1361 352 1414 tu
368 1353 434 1414 istie
449 1353 535 1414 hodie
552 1352 626 1412 malo
642 1360 694 1413 tuo
711 1352 881 1432 compositis
896 1355 1057 1416 mendaciis

133 1437 284 1511 advenisti,
300 1437 432 1498 audaciai
448 1438 596 1508 columen,
613 1436 844 1499 consutisdolis.

133 1522 198 1583 800.
232 1522 325 1582 Immo
342 1523 479 1601 equidem
494 1522 604 1583 tunicis
620 1522 753 1583 consutis
767 1522 825 1583 huc
841 1523 980 1598 advenio,
1003 1543 1064 1585 non
1080 1524 1166 1586 dolis.

133 1606 227 1667 blanc
262 1606 299 1667 At
314 1607 449 1668 mentiris
464 1607 566 1667 etiam:
583 1615 666 1668 certo
682 1605 816 1687 pedibus,
833 1627 895 1669 non
911 1608 1020 1669 tunicis
1035 1610 1126 1670 venis.

131 1690 213 1753 Sos..
233 1691 437 1770 ltaprolecto.
488 1691 581 1752 Meae.
615 1692 702 1753 Nunc
718 1693 854 1772 prolecto
869 1692 973 1773 vapula
989 1692 1028 1754 ob
1044 1694 1169 1755 menda·

439 1794 530 1837 crum.
1077 1784 1080 1793 '
1123 1790 1167 1839 370

134 1861 197 1922 Sos.
231 1861 298 1922 Non
314 1861 419 1941 edepol
441 1862 507 1922 volo
528 1862 672 1940 proiecto.
724 1861 819 1922 Mane.
853 1862 891 1922 At
905 1863 955 1942 pol
970 1863 1105 1942 prolecto
1121 1863 1169 1924 in-

461 1947 551 2006 ratiis.

94 2068 97 2075 -
133 2030 191 2092 hoc
208 2029 327 2108 quidem
342 1965 477 2109 proleclo
493 2038 643 2103 certumst,
659 2049 721 2091 non
737 2038 783 2091 est
797 2029 994 2091 arbitrarium.

135 2114 198 2175 Sos.
230 2114 323 2175 Tuam
339 2115 427 2175 iidem
444 2114 577 2176 obsecro.
622 2114 715 2177 Mune.
747 2115 812 2175 Tun
829 2123 858 2177 te
873 2115 963 2176 audes
975 2114 1088 2176 Sosiam
1104 2134 1171 2177 esse

96 2266 98 2271 ⁴
442 2199 549 2272 dicere,

135 2288 185 2362 qut
201 2301 256 2361 ego
272 2282 361 2344 sumi
405 2284 470 2345 Sos.
504 2283 592 2344 Perii.
636 2282 730 2343 Mane.
765 2284 872 2345 Parum
889 2284 985 2360 etiam,
1002 2294 1107 2364 praeut
1122 2287 1171 2346 fu·

440 2375 578 2441 turumst,
594 2368 756 2447 praedicas.

135 2453 241 2533 quoius
254 2472 335 2515 nunc
348 2452 402 2514 es‘l
433 2454 497 2516 Sos.
521 2453 614 2515 Tuos:
632 2471 700 2513 nam
713 2453 822 2531 pugnis
833 2470 888 2513 usu
905 2453 1103 2514 lecistituom.
1124 2463 1169 2513 305

134 2556 189 2618 pro
205 2538 302 2614 iidem,
319 2538 451 2600 Thebani
467 2539 560 2600 civesl
595 2536 689 2598 blanc.
713 2536 809 2597 Etiam
825 2537 942 2610 clamas,
959 2535 1124 2599 carnulex‘l

77 2639 96 2685 a
135 2623 266 2701 loquere,
280 2624 350 2702 quid
361 2622 489 2685 venisti?
526 2622 590 2684 800.
615 2622 652 2683 Vt
666 2631 744 2684 esset
755 2639 843 2701 quem
854 2630 887 2682 tu
898 2622 1008 2702 pugnis
1020 2623 1168 2699 caederes.

133 2707 229 2768 *blanc
252 2706 367 2778 Quoius
382 2707 438 2769 esl
476 2707 539 2768 Sos.
562 2706 788 2786 Amphitruonis
803 2707 925 2786 inquam
941 2707 1034 2768 Sosia.
1072 2707 1167 2768 llaec,

441 2792 520 2870 Ergo
537 2790 611 2852 istoc
627 2792 727 2870 magis,

137 2876 204 2955 quia
220 2876 412 2954 vaniloquo’s,
429 2875 593 2956 vapulabis:
611 2893 665 2954 ego
680 2894 756 2949 sum,
773 2894 835 2936 non
851 2884 892 2950 tu,
909 2877 1002 2938 Sosia.

136 2962 200 3022 800.
222 2961 265 3022 Ita
277 2962 306 3022 di
317 2961 434 3036 faciant,
448 2968 480 3022 ut
490 2969 523 3023 tu
535 2960 633 3041 potius
644 2960 684 3022 sis
696 2970 784 3039 atque
797 2979 853 3040 ego
864 2969 894 3023 te
905 2969 939 3022 ut
949 2960 1112 3022 verberam.
1125 2971 1171 3023 380

136 3047 229 3107 Mane.
265 3046 358 3106 Etiam
375 3045 498 3107 muttisi
553 3046 617 3107 Sos.
650 3045 710 3106 lam
727 3045 841 3107 tacebo.
896 3045 990 3107 blanc.
1024 3045 1097 3116 Quis
1116 3046 1169 3106 tibi

442 3129 544 3193 crusti
589 3129 654 3191 Sos.
689 3132 783 3201 Quem
799 3140 832 3191 tu
847 3131 937 3192 voles.

137 3216 231 3277 Mane.
265 3215 342 3287 Quid
355 3213 467 3297 igitur?
483 3215 534 3294 qui
549 3234 631 3276 nunc
643 3214 769 3277 vocare?
815 3215 878 3277 Sos.
901 3216 994 3276 Nemo
1009 3214 1065 3276 nisi
1079 3232 1169 3292 quem

197 3313 202 3322 ·
443 3301 573 3362 iusseris.

137 3384 231 3446 Mane.
255 3384 481 3466 Amphitruonis
493 3394 521 3445 te
534 3403 598 3445 0000
610 3383 708 3447 aiebas
719 3384 841 3446 Sosiam.
880 3384 944 3446 800.
962 3383 1171 3446 Peccaueram:

91 3481 114 3538 >t
138 3487 207 3530 nam
221 3469 445 3549 Amphitruonis
461 3469 555 3532 Sosiai
570 3487 617 3529 me
633 3487 697 3531 0000
713 3469 790 3530 volui
806 3469 914 3530 dicere.

181 3637 231 3688 358
250 3634 378 3688 auferrere
396 3635 471 3687 Bne
527 3637 576 3687 359
595 3633 706 3685 familiae
766 3635 814 3687 381
835 3637 888 3686 tum
906 3635 980 3686 Bne
1031 3633 1169 3700 33400001

95 3719 188 3757 nomen
206 3704 257 3755 DE
325 3708 364 3754 est
382 3703 428 3755 tibi
446 3704 495 3754 BD
564 3703 613 3754 367
633 3701 750 3755 audatiae
813 3703 862 3756 371
882 3703 988 3769 ingratis
1055 3703 1105 3753 376
1123 3700 1169 3753 fidi

95 3773 151 3837 Bu,
169 3771 227 3824 uide
247 3772 280 3834 1),
298 3787 368 3823 corr.
386 3772 471 3823 Aldus
557 3769 650 3822 elamat
667 3770 692 3821 ld
778 3771 826 3822 373
846 3771 967 3838 eloquere
988 3769 1073 3832 codd,
1096 3784 1171 3822 corr.

93 3841 181 3892 Aldus
266 3840 317 3891 383
335 3838 422 3891 alebas
440 3838 539 3892 B¹D¹E
625 3840 676 3891 384
693 3835 776 3891 Sosiai
798 3853 839 3891 me
856 3838 1054 3900 decimanum]
1072 3836 1171 3890 socium

95 3923 170 3961 neme
