2544 4364
102 167 135 211 111
144 171 162 220 r,
171 169 247 221 ao-rt
540 153 733 209 nmfflrnvo
1135 160 1175 220 39

146 334 175 387 te
190 327 248 386 huc
265 345 325 388 non
341 324 482 388 venisset
524 327 599 388 lere.
630 328 661 389 si
677 329 747 408 quid
762 329 902 392 dictumst
916 349 971 410 per
985 332 1092 410 iocum,
1132 344 1176 395 919

146 431 207 472 999
224 421 379 490 aequomst
393 412 422 472 id
437 419 466 472 te
481 412 557 473 serio
573 413 763 492 praevortier.

146 497 215 557 Aeo.
245 494 308 575 llgo
324 495 406 558 illum
421 496 482 558 scio
499 516 588 576 quam
603 497 730 559 doluerit
744 499 825 559 cordi
841 516 916 560 meo.

145 580 221 641 lvrr.
251 581 310 642 Per
324 580 471 642 dexteram
488 590 567 643 tuam
583 591 622 656 te,
637 582 810 658 Alcumena,
827 601 889 660 oro,
906 583 1039 662 obsecro,

145 665 181 726 da
196 665 266 726 mihi
282 667 358 727 hanc
372 667 497 741 veniam,
513 667 644 746 ignosce,
660 668 732 729 irata
748 687 786 729 ne
800 668 868 732 sies.

146 750 214 811 hec.
244 750 307 830 Ego
324 751 413 811 istaec
427 752 483 812 loci
498 749 587 812 verba
601 753 709 814 virtute
724 753 821 827 irrita;
1132 766 1175 817 915

145 853 237 911 9999,
252 836 371 914 quando
387 835 471 897 lactis
485 854 533 897 me
548 837 703 916 impudicis
718 836 852 914 abstinei‚
1144 866 1174 914 >g

145 919 181 981 ab
197 919 352 999 impudicis
368 920 452 981 dictis
466 922 557 982 avorti
572 921 648 983 volo.

144 1005 249 1078 valeas,
264 1005 317 1066 tibi
332 1005 441 1066 habeas
457 1025 505 1068 res
520 1007 595 1080 tuas,
610 1006 715 1068 reddas
731 1024 819 1068 meas.

145 1089 234 1150 iuben
251 1090 291 1150 mi
306 1094 349 1150 lre
365 1088 509 1152 comites?
552 1091 626 1152 lvrr.
651 1091 750 1152 Sanan
767 1088 820 1152 es?
864 1093 932 1153 Aue.
956 1093 986 1155 Si
1003 1113 1065 1155 non
1080 1094 1173 1169 iubes,

144 1175 193 1235 ibo
210 1182 341 1255 egomet;
357 1175 494 1236 comitem
510 1175 580 1237 mibi
597 1176 768 1237 Pudicitiam
785 1177 899 1238 adsero.
955 1248 956 1251 Ἴ
1130 1189 1174 1241 999

144 1259 219 1320 lvrr.
249 1260 345 1334 Mane,
362 1260 504 1322 arbitratu
519 1268 570 1322 tuo
587 1261 632 1322 ius
647 1261 803 1322 iurandum
818 1261 904 1336 dabo,
921 1334 923 1338 y

143 1363 190 1406 me
205 1362 300 1405 meam
317 1345 453 1424 pudicam
469 1364 533 1406 esse
548 1363 673 1406 uxorem
687 1345 868 1407 arbitrarier.

143 1428 171 1490 id
189 1448 243 1508 ego
259 1429 283 1491 si
298 1430 376 1503 fallo,
391 1437 453 1490 tum
470 1438 508 1504 te,
524 1448 638 1492 summe
654 1430 796 1510 luppiter,

143 1532 263 1593 quaeso,
279 1514 488 1593 Amphitruoni
504 1523 537 1575 91
551 1533 668 1595 semper
682 1515 774 1576 iratus
789 1514 855 1577 sies.

144 1600 213 1660 hec.
243 1601 277 1673 Α,
293 1598 440 1680 propitius
455 1599 492 1660 sit
507 1599 615 1679 pbtius.
660 1599 735 1660 lvrr.
766 1599 889 1661 Confido
905 1599 984 1677 lore;
1131 1610 1173 1662 935

144 1702 211 1744 nam
226 1684 442 1746 iusiurandum
458 1702 560 1745 verum
574 1693 603 1746 te
617 1684 774 1746 advorsum
789 1683 866 1745 dedi.

142 1769 199 1830 iam
222 1787 303 1830 9999
319 1769 392 1830 irata
408 1788 468 1829 non
485 1766 538 1830 es?
582 1769 650 1830 hnc.
681 1770 746 1830 Non
770 1788 845 1831 sum.
890 1769 964 1829 lma.
994 1769 1171 1831 benefacis.

143 1873 212 1915 nam
227 1854 257 1914 in
274 1853 429 1914 hominum
444 1861 538 1915 aetate
553 1854 645 1915 multa
661 1854 803 1914 eveniunt
817 1853 904 1916 huius
921 1854 1018 1915 modi:

142 1939 264 2018 capiunt
277 1939 451 2018 voluptates,
467 1938 589 2019 capiunt
603 1957 722 2000 rursum
737 1939 885 2012 miseriam

142 2024 202 2085 irae
217 2023 429 2098 interveniunt,
440 2023 571 2085 redeunt
587 2042 706 2085 rursum
721 2023 752 2084 in
767 2023 898 2103 gratiam.
1130 2031 1173 2083 949

141 2126 243 2171 vorum
259 2109 319 2170 irae
334 2107 358 2170 si
374 2126 449 2187 quae
465 2109 541 2170 lorte
557 2109 697 2170 eveniunt
709 2108 799 2170 huius
813 2108 893 2169 modi

144 2193 298 2268 intereos,
314 2211 432 2254 rursum
448 2193 472 2255 si
487 2201 642 2255 reventum
657 2194 689 2254 in
704 2194 865 2272 gratiamst‚

143 2278 189 2340 bis
204 2286 286 2339 tanto
301 2278 387 2339 amici
402 2286 473 2339 sunt
487 2278 566 2339 inter
580 2298 611 2340 se
626 2297 715 2357 qnam
730 2279 823 2358 prius.

143 2366 212 2425 Aeo.
242 2362 374 2424 Primum
389 2363 498 2424 cavisse
514 2363 646 2443 oportuit
660 2382 698 2424 ne
713 2363 836 2436 diceres,

143 2466 245 2510 verum
260 2447 361 2509 eadem
376 2447 400 2508 si
416 2447 509 2509 isdem
525 2466 643 2526 purgas,
658 2448 698 2508 mi
714 2448 854 2526 patiunda
870 2453 949 2508 sunt.
1128 2455 1172 2506 945
1203 2435 1226 2488 'd

142 2532 217 2593 lvrr.
246 2531 318 2593 lube
333 2551 403 2593 vero
418 2551 486 2594 vasa
500 2549 573 2612 pura
590 2532 727 2593 adornari
742 2532 823 2606 mihi,

142 2627 176 2679 ut
190 2635 265 2696 quae
281 2617 357 2697 tpud
372 2617 521 2697 legionem
534 2622 601 2678 vota
614 2615 688 2690 vovi,
703 2616 728 2677 si
743 2616 863 2676 domum

142 2703 295 2764 rediissem
311 2701 413 2777 salvos,
430 2720 463 2763 ea
479 2720 533 2780 ego
549 2701 693 2763 exsolvam
711 2701 818 2762 omnia.

142 2788 211 2848 hnc.
241 2786 306 2865 Ego
320 2791 397 2848 istuc
412 2785 532 2849 curabo.
576 2787 651 2848 lvrr.
681 2785 807 2869 Evocate
822 2787 881 2847 huc
897 2783 1025 2860 Sosiam;

142 2872 372 2950 gubernatorem
387 2871 438 2951 qui
453 2871 483 2932 in
500 2890 566 2932 mea
582 2871 647 2932 navi
662 2871 717 2932 luit
1127 2877 1171 2928 959

141 2956 358 3036 Blepharonem
373 2965 509 3031 arcessat,
526 2957 576 3036 qui
592 2956 747 3017 nobiscum
761 2954 915 3035 prandeat.
931 2987 973 2998 -

141 3042 166 3103 is
182 3061 197 3103 a
213 3041 359 3103 Mercurio
375 3042 536 3121 inpransus
551 3040 759 3114 ludificabitur,

141 3144 230 3205 quom
248 3145 302 3206 ego
318 3127 564 3206 Amphitruonem
580 3125 657 3185 eollo
672 3125 743 3185 hinc
759 3123 901 3185 obstricto
917 3123 1040 3183 traham.

141 3212 210 3272 alec.
241 3211 348 3272 Mirum
364 3211 433 3289 quid
449 3210 529 3272 solus
544 3228 644 3272 secum
659 3217 774 3271 secroto
790 3208 838 3269 ille
855 3213 928 3286 agat.

141 3305 229 3375 etque
245 3296 420 3376 aperiuntur
435 3294 523 3356 aedis.
568 3295 626 3355 exit
641 3293 733 3356 Sosia.
1126 3299 1170 3350 955

182 3500 230 3551 921
251 3497 343 3548 seriam
360 3496 398 3548 11¹
467 3495 632 3552 9221119419
709 3498 758 3548 923
777 3495 891 3547 dextram
910 3492 958 3544 1311
1036 3491 1169 3544 92419999

97 3565 159 3618 mibi
178 3565 210 3617 da
227 3564 414 3617 Fleckeisenns
509 3566 559 3617 926
577 3564 690 3616 abstineo
709 3563 793 3628 codd„
811 3578 882 3613 corr.
900 3561 1046 3621 2991919499
1070 3557 1105 3620 cf.
1123 3561 1170 3610 Pe-

97 3639 155 3686 trus
173 3633 287 3686 Senem
304 3633 337 3683 de
349 3635 451 3698 portic.
470 3632 577 3698 quando
594 3649 621 3698 p.
639 3632 673 3685 39
681 3648 720 3698 sq.
824 3631 874 3682 929
892 3643 989 3680 sannen
1008 3642 1036 3679 es
1053 3626 1085 3690 B,
1107 3641 1169 3678 sane
1256 3637 1258 3640 ’

97 3717 125 3754 es
142 3702 169 3752 D
237 3703 286 3755 939
305 3699 505 3752 *9999999999
575 3696 906 3762 93399119111191199111
973 3693 1169 3748 94591941εωὶ1

97 3768 189 3833 (isdem
201 3772 220 3820 i.
233 3786 256 3835 q.
270 3768 346 3832 idem)
415 3769 526 3834 pungne,
544 3767 667 3834 patiunda
684 3766 844 3818 Mitecbeliua
920 3767 969 3817 941
990 3763 1021 3815 ad
1039 3761 1168 3828 legionem

95 3836 242 3889 Muellerus
327 3837 376 3889 948
394 3835 518 3888 redissem
603 3834 748 3903 persolvam
765 3833 820 3900 LG,
843 3831 991 3885 *exsolvam
1013 3830 1082 3910 [iam]

96 3908 145 3959 951
165 3904 322 3956 blelaronom
340 3902 662 3969 Bou,etem968.1037
679 3903 727 3953 BE
829 3903 879 3954 952
897 3900 928 3952 *a
945 3897 1079 3961 Mercurio]
1104 3895 1167 3949 adeo
