2544 4364
138 184 179 246 30
594 189 598 193 ’
618 186 738 240 etcum
1079 203 1217 255 nnn-u

137 360 274 422 valuistin
290 357 408 438 usque?
424 367 603 438 expectaturi
619 358 765 421 advenio?
808 359 873 422 Sos.
896 360 984 421 Haud
998 360 1057 422 vidi
1071 362 1174 442 magis.

138 443 340 527 expectatur?
357 462 404 507 em
419 443 526 506 salutat
541 445 633 523 magis
648 445 725 506 hand
740 445 883 524 quiquam
899 464 986 524 quam
1000 465 1116 508 canem.
1171 457 1216 509 689

137 532 231 593 Auru.
268 529 307 591 Et
330 547 420 608 quom
442 528 591 608 paduam
614 538 644 590 et
661 547 751 608 quom
775 539 804 591 te
826 531 930 610 pulcre
952 532 1072 611 plenam
1093 531 1214 612 aspicio,

470 615 573 675 audeo.
1103 652 1106 663 ·

137 699 207 761 Ace.
238 698 370 761 Obsecro
387 633 512 772 tensior,
528 699 599 778 quid
615 706 647 760 tu
662 717 710 760 me
726 698 879 762 deridiculi
894 700 990 779 gratia·

135 785 180 846 sio
194 784 303 847 salutas
318 793 406 863 atque
421 783 561 864 appellas,
578 784 660 863 quasi
676 783 788 845 dudum
804 804 866 846 nou
882 784 998 860 videris,

136 871 220 948 quasi
236 870 287 948 qui
303 887 385 931 nunc
400 869 529 949 primum
543 869 668 948 recipias
683 877 712 929 te
728 870 848 931 domum
863 870 922 932 huc
938 889 973 930 er
988 867 1148 931 hostibus?

137 957 237 1034 [atque
252 972 300 1015 me
316 972 398 1015 nunc
413 954 539 1033 proinde
555 955 684 1034 appellas
700 955 783 1033 quasi
797 955 891 1016 multo
906 965 975 1035 post
990 953 1127 1030 viderisl]
1169 964 1213 1015 686

137 1040 229 1101 Auru.
264 1039 358 1099 Immo
378 1039 516 1117 equidem
537 1046 566 1101 te
588 1040 643 1101 nisi
666 1057 749 1100 nunc
774 1040 862 1101 hodie
888 1058 1034 1118 nusquam
1055 1039 1113 1102 vidi
1139 1057 1213 1118 gen-

418 1156 420 1162 ·
447 1124 531 1185 tium.
647 1172 649 1180 ,

136 1209 217 1286 Αιο.Ι
233 1209 316 1281 Quor
331 1206 445 1288 negas?
488 1209 581 1270 Auru.
605 1209 681 1281 Quia
696 1227 764 1270 vera
778 1208 867 1270 didici
882 1209 990 1270 dicere.
1033 1210 1105 1270 Arc.
1118 1207 1211 1270 Haud

445 1311 572 1373 aequom
588 1295 657 1355 lacit

136 1379 188 1458 qui
204 1379 282 1457 quod
299 1379 400 1440 didicit
413 1378 442 1439 id
458 1379 589 1441 dediscit.
619 1397 657 1439 au
673 1378 882 1460 periclitamini

136 1464 207 1543 quid
223 1465 313 1526 animi
328 1461 473 1527 habeam?
489 1463 597 1526 -sed
613 1464 683 1543 quid
699 1465 758 1526 huc
772 1482 824 1525 vos
838 1464 1023 1524 revortimini
1038 1471 1097 1524 tam
1112 1461 1192 1524 cito‘l

136 1558 220 1611 ante
234 1549 399 1628 auspicium
415 1557 658 1610 commoratumst
671 1567 709 1610 au
725 1557 886 1627 tempestas
901 1549 1047 1611 continuit
1167 1558 1213 1608 696

136 1635 188 1713 qui
204 1654 265 1696 nou
281 1632 378 1694 abiisti
393 1634 428 1694 ad
444 1633 586 1712 legiones,
602 1634 641 1694 ita
659 1634 701 1694 uti
716 1633 828 1695 dudum
843 1631 982 1695 dixeras?

134 1719 228 1780 Auen.
256 1716 397 1781 Dudum?
417 1736 505 1797 quam
527 1719 638 1779 dudum
660 1719 736 1780 istuc
758 1717 919 1781 factumst?
963 1718 1033 1779 Arc.
1063 1719 1212 1797 Temptas.

447 1803 503 1865 iam
520 1803 639 1877 dudum,
656 1803 753 1864 modo.

136 1889 229 1950 Auru.
261 1888 319 1959 Qui
339 1888 415 1950 istuc
435 1888 515 1968 potis
531 1897 581 1962 vest
594 1889 674 1964 fieri,
697 1906 823 1967 quaeso,
845 1895 879 1948 ut
901 1886 987 1949 dicis:
1011 1887 1070 1948 iem
1090 1886 1211 1962 dullum,

448 1972 558 2034 modol

136 2057 205 2118 Arc.
236 2056 314 2128 Quid
330 2057 411 2118 enim
425 2055 551 2119 censes?
566 2065 595 2118 te
609 2065 644 2117 ut
658 2057 794 2118 deludam
810 2065 916 2118 contra
930 2056 1060 2118 lusorem
1075 2073 1185 2128 meum,

135 2143 190 2221 qui
203 2161 285 2203 nuno
300 2142 429 2220 primum
444 2150 474 2203 te
488 2141 640 2204 advenisse
656 2142 744 2218 dicas,
760 2142 848 2203 modo
865 2142 916 2220 qui
930 2141 1001 2203 hinc
1016 2139 1132 2202 abieris.
1166 2150 1210 2200 695

138 2229 231 2287 Auen.
254 2225 332 2288 Haeo
348 2227 467 2305 quidem
483 2226 673 2289 deliramenta
688 2227 829 2306 loquitur.
859 2227 923 2288 Sos.
945 2225 1099 2304 Paulisper
1113 2243 1211 2297 mane,

139 2312 208 2372 dum
221 2312 396 2373 edormiscat
407 2330 500 2373 unum
512 2331 659 2375 somnum.
688 2312 780 2373 Auen.
797 2311 919 2383 Quaene
930 2311 1054 2390 vigilans
1064 2307 1213 2372 somniat?

138 2393 207 2458 ilco.
241 2397 387 2476 Equidem
409 2406 525 2459 ecastor
546 2398 644 2478 vigilo,
667 2406 697 2459 et
718 2397 841 2476 vigilans
864 2395 892 2456 id
913 2397 994 2476 quod
1009 2397 1148 2457 factumst
1169 2395 1212 2454 l-

449 2481 545 2543 bulor.

140 2582 209 2626 nam
223 2565 333 2627 dudum
349 2575 418 2628 ante
429 2568 526 2628 lucem
542 2574 572 2628 et
583 2567 681 2629 istunc
693 2575 723 2627 et
737 2575 766 2628 te
778 2565 844 2627 vidi.
888 2565 980 2626 Auen.
1003 2564 1070 2636 Quo
1081 2564 1111 2625 in
1123 2560 1212 2624 locol

138 2648 208 2710 Arc.
232 2650 332 2712 Hicin
348 2652 469 2714 aedibus
484 2652 535 2712 ubi
550 2662 582 2713 tu
598 2651 720 2713 habitas.
765 2650 858 2728 Auen.
879 2650 1048 2728 Numquam
1064 2650 1212 2711 factumst.

446 2736 511 2798 Sos.
539 2736 607 2797 Nou
622 2734 726 2797 taces‘l
1168 2743 1212 2793 tto

139 2818 210 2897 quid
225 2819 249 2881 si
265 2838 281 2880 e
296 2829 385 2900 portu
402 2821 483 2883 navis
497 2822 556 2881 huo
572 2839 627 2882 nos
642 2820 816 2882 dormientis
830 2816 957 2882 detulit?

138 2901 230 2964 Auru.
260 2904 355 2965 Etiam
370 2913 403 2966 tu
419 2924 539 2986 quoque
561 2905 723 2967 adsentaris
738 2903 830 2966 huio‘l
879 2904 944 2965 Sos.
974 2903 1052 2975 Quid
1067 2902 1110 2964 vis
1125 2900 1210 2963 fieril

138 3007 200 3050 non
216 2997 249 3051 tu
264 2990 331 3064 sois,
346 2990 479 3052 Bacchae
494 2990 649 3052 bacchanti
664 2991 688 3051 si
703 2989 774 3051 velis
789 2989 981 3065 advorsarier,

138 3091 174 3134 ex
189 3073 293 3135 insana
307 3075 488 3137 insaniorem
504 3076 602 3151 facies,
619 3075 705 3136 leriet
719 3075 854 3154 saepius;

223 3261 273 3311 oto
292 3263 446 3326 expectetun
455 3261 488 3323 B]
501 3264 663 3327 expectatum
674 3259 720 3323 12²,
732 3260 895 3324 expectatum
907 3271 940 3308 ne
949 3255 995 3320 11¹,
1008 3256 1211 3322 expectastirnll

69 3356 71 3360 ι
138 3326 187 3378 686
204 3327 392 3393 *expectaturi
416 3332 465 3391 em]
494 3331 656 3394 expectatum
675 3342 734 3379 eum
750 3327 819 3387 ΒἘ,
842 3328 978 3392 expectate
1000 3339 1085 3377 meum
1102 3325 1142 3389 11,
1167 3339 1210 3375 ex-

137 3396 267 3460 pectatum
280 3409 364 3447 meum
375 3395 409 3447 13¹
480 3396 713 3464 quisqunmcodd„
729 3393 1022 3446 commodulantur.
1069 3394 1116 3445 681
1130 3405 1210 3458 quom

136 3465 164 3512 te
176 3460 306 3526 gravidam
320 3464 405 3529 codd„
423 3479 492 3516 corr.
505 3464 619 3531 Pylades
687 3463 784 3530 accipio
794 3461 869 3513 BDE
937 3462 988 3514 682
1001 3458 1161 3513 deriduliculi
1174 3458 1209 3510 Βι

137 3529 187 3582 686
213 3529 262 3580 dcl.
286 3529 406 3582 Muretus
517 3534 567 3585 696
585 3531 700 3583 continet
723 3530 813 3594 codd,
836 3545 906 3581 corr.
930 3528 1062 3580 Luctsius
1084 3525 1130 3591 (cf.
1148 3526 1211 3590 926)

137 3599 185 3649 691
205 3596 282 3648 abieti
390 3603 419 3650 ut
530 3602 580 3652 692
598 3600 648 3650 iarn
672 3598 768 3651 dudum
785 3597 948 3660 Brunclcius]
969 3597 1020 3648 iam
1043 3593 1139 3646 dudum
1160 3595 1212 3660 prl-

137 3663 195 3716 dem
275 3667 325 3719 693
344 3672 438 3733 quesut
454 3667 497 3733 13¹,
517 3681 596 3734 quaes
613 3671 643 3719 ut
659 3667 684 3718 lt
768 3665 839 3716 dicas
857 3665 895 3716 El
980 3663 1128 3730 amplicavit
1146 3664 1212 3713 tneo

136 3731 281 3797 Langenses
294 3750 323 3799 p.
335 3734 377 3787 33.
412 3750 476 3800 ergo
495 3751 549 3786 non
566 3737 720 3800 interrogat
730 3733 856 3784 Alcmene
866 3734 924 3786 694.
934 3733 986 3786 695
1055 3734 1105 3785 695
1123 3730 1212 3782 habie-

135 3800 171 3851 ris
188 3801 212 3850 B
280 3804 331 3856 696
350 3801 406 3855 Sos.
426 3803 584 3866 Saracenos]
603 3801 664 3855 Ano.
733 3803 782 3855 69¹1
802 3801 913 3854 somniet
930 3801 955 3852 E
1023 3803 1073 3853 '100
1091 3797 1212 3850 llcill'l)

137 3871 186 3987 ΞΜ
205 3869 237 3920 de
253 3870 314 3923 huie
332 3871 462 3939 disyllabo
481 3869 517 3931 cf.
535 3870 713 3923 Boeotorum
730 3870 796 3924 decl.
816 3869 860 3922 lut.
879 3871 928 3922 115
940 3868 981 3922 W.
1104 3868 1153 3918 703
1172 3866 1213 3919 ris

161 3942 257 4005 nyctos
273 3940 349 4005 (veis)
642 3963 645 3969 ·
997 3979 1001 3986 .
1198 3977 1203 3984 .
