2544 4364
94 158 135 218 74
576 155 696 210 rnrrrr
1039 177 1181 230 mm

95 349 212 407 nervos,
229 339 357 404 catenas,
374 347 517 402 carceres,
535 329 687 404 numellas,
703 329 831 409 pedicas,
849 329 931 392 boias
1133 346 1178 398 aaa

94 411 115 490 †
128 418 360 496 indoctoresque
375 432 546 476 acerrumos
561 432 729 493 gnarosque
743 415 840 477 nostri
855 416 930 495 tergi
1129 431 1131 435 ’

94 501 156 578 [qui
171 521 258 582 saepe
274 512 342 561 ante
358 500 388 561 in
406 508 522 561 nostras
537 499 673 578 scapulas
688 500 840 562 cicatrices
855 501 1041 579 indiderunt]

458 605 474 642 lt
632 608 648 643 ⁴¹
806 606 822 643 6

94 690 145 733 eae
161 689 243 732 nunc
257 670 400 750 legiones,
416 669 521 748 copiae
537 669 744 746 exercitusque
760 687 864 731 eorum

93 757 119 817 vi
135 757 307 836 pugnando,
323 754 462 834 periuriis
479 754 588 815 nostris
604 755 691 832 fugae
706 753 802 833 potiti.

93 842 200 903 uirtute
214 841 303 901 huius
318 840 449 919 collegae
464 839 494 899 id
511 835 592 922 [mei]
609 857 734 916 meaque
750 840 887 901 comitate

93 927 241 988 factumst.
272 925 322 1003 qui
337 944 385 985 me
400 925 443 985 vir
458 925 564 985 lortior
578 924 612 984 ad
629 923 817 986 sullerundas
832 923 953 1004 plagas?

94 1011 185 1072 Lnon.
216 1010 330 1089 Edepol
344 1010 467 1071 virtutes
483 1009 534 1086 qui
548 1018 614 1070 tuas
631 1027 691 1069 non
707 1010 785 1088 potis
800 1029 833 1071 es
849 1010 1027 1071 conlaudare

93 1096 136 1157 sic
152 1104 184 1156 ut
199 1114 254 1174 ego
271 1113 402 1174 possum,
419 1112 494 1172 quac
509 1094 588 1155 domi
605 1093 754 1172 duellique
769 1095 844 1156 male
861 1094 965 1156 lecisti.

94 1198 133 1242 ne
148 1180 196 1240 illa
212 1179 318 1258 edepol
333 1197 388 1259 pro
404 1179 510 1240 merito
525 1188 577 1239 too
590 1179 747 1240 memorari
763 1180 855 1241 multa
871 1188 1010 1259 possunt:

93 1265 145 1326 ubi
160 1265 300 1326 fidentem
317 1264 507 1337 fraudaveris,
523 1263 575 1325 ubi
588 1282 639 1325 ero
655 1264 782 1326 infidelis
797 1265 898 1337 lucris,

93 1350 145 1412 ubl
161 1350 259 1411 verbis
273 1350 427 1429 conceptis
442 1349 539 1411 sciens
554 1350 693 1410 lubenter
708 1349 880 1428 periuraris,

93 1435 145 1495 ubi
161 1435 282 1515 parietis
297 1434 473 1514 perfoderis,
489 1434 520 1495 io
537 1436 616 1495 lurto
632 1434 684 1494 ubi
700 1435 739 1495 sis
754 1435 930 1513 prehensus,
983 1471 990 1478 -

93 1519 144 1581 ubi
160 1538 248 1598 saepe
263 1538 381 1581 causam
398 1519 505 1580 dixeris
520 1520 656 1598 pendens
670 1519 811 1580 advorsus
826 1527 893 1581 octo

94 1613 217 1678 artutos,
232 1605 351 1666 audacis
365 1605 453 1679 viros,
468 1604 592 1665 valentis
605 1604 777 1683 virgatores.

93 1689 156 1750 Lm.
187 1689 295 1750 Fateor
310 1690 443 1768 prolecto
460 1699 493 1749 ut
507 1688 667 1768 praedicas,
683 1689 823 1763 Leonida,
840 1707 904 1750 esse
920 1707 987 1751 vera
996 1709 1004 1766 ;

94 1792 194 1834 verum
211 1774 316 1854 edepol
332 1793 370 1835 ne
386 1774 473 1835 etiam
488 1778 539 1834 tua
554 1792 673 1852 quoque
688 1773 840 1834 malefacta
856 1774 956 1835 iterari
971 1776 1062 1838 multa

95 1867 124 1920 et
139 1878 205 1920 vera
220 1869 357 1938 possunt:
377 1859 429 1920 uhi
445 1860 543 1921 sciens
558 1858 637 1920 fideli
652 1858 760 1920 infidus
776 1859 876 1933 fueris,

94 1943 145 2004 ubi
160 1962 288 2023 prensus
302 1945 333 2004 in
349 1945 428 2005 lurto
443 1944 501 2006 sies
516 1945 682 2005 manufesto
699 1952 728 2004 et
742 1943 924 2018 verberatus,

94 2028 146 2088 ubi
161 2028 331 2107 periuraris,
347 2028 398 2089 ubi
414 2047 497 2090 sacro
512 2047 618 2090 manus
633 2029 673 2089 sis
689 2028 855 2105 admolitus,

94 2113 145 2173 ubi
162 2113 220 2173 eris
235 2113 342 2173 damno
359 2115 410 2190 [et]
425 2113 575 2174 molestiae
591 2120 620 2175 et
635 2112 771 2174 dedecori
787 2132 875 2193 saepe
889 2114 990 2190 lucris,

94 2196 145 2258 ubi
162 2197 306 2258 creditum
322 2198 401 2276 quod
418 2198 455 2259 sit
471 2197 522 2258 tibi
538 2199 638 2258 datum
655 2216 719 2259 esse
734 2199 917 2279 pernegaris,

94 2280 146 2342 ubi
161 2281 271 2342 amicae
288 2300 376 2360 quam
392 2282 485 2343 amico
500 2291 552 2342 tuo
569 2283 659 2344 lueris
674 2283 766 2361 magis
781 2284 885 2357 fidelis,

95 2366 145 2428 ubi
161 2385 249 2447 saepe
265 2367 299 2427 ad
316 2368 490 2446 languorem
506 2377 556 2429 tua
572 2368 679 2429 duritia
694 2368 811 2430 dederis
827 2377 893 2430 octo

94 2451 205 2513 validos
219 2452 339 2527 lictoris,
354 2453 459 2514 ulmeis
474 2453 605 2514 adiectos
618 2453 707 2514 lentis
722 2453 819 2531 virgis.
1126 2464 1172 2514 575

96 2555 169 2597 num
184 2536 260 2598 male
275 2538 392 2600 relataet
408 2539 510 2617 gratia,
525 2548 559 2599 ut
573 2538 716 2617 collegam
732 2535 914 2600 collaudavi?

96 2620 186 2682 Leon.
217 2621 254 2682 Vt
268 2641 375 2701 meque
389 2632 479 2700 teque
493 2641 629 2684 maxume
643 2634 732 2702 atque
747 2623 868 2702 ingenio
884 2629 988 2683 nostro
1005 2620 1111 2682 decuit.

96 2705 157 2765 Lm.
187 2706 247 2766 Iam
264 2709 365 2769 omitte
380 2710 434 2770 ista
446 2716 534 2786 atque
546 2709 602 2768 hoc
616 2708 693 2786 quod
705 2726 778 2786 rogo
790 2708 949 2787 responde.
993 2706 1085 2766 Lnon.
1108 2705 1170 2768 llo·

419 2860 432 2868 ⁶
452 2793 511 2869 gita
527 2793 606 2870 quod
621 2793 673 2853 vis.

96 2874 158 2935 Lrn.
188 2875 312 2954 Argenti
327 2876 430 2955 viginti
445 2876 540 2938 minas
555 2875 708 2937 habesne?
751 2877 843 2938 Leon.
873 2874 1034 2937 Hariolare.

182 3029 232 3078 556
250 3025 357 3077 carceris
374 3025 457 3091 BDE,
481 3042 605 3078 carcerem
625 3025 730 3079 Noniae
788 3029 835 3081 551
856 3027 1063 3095 inceretoresqne
1081 3027 1121 3076 11⁶
1140 3031 1172 3078 at

95 3095 158 3159 oid,
176 3094 375 3160 indoctoresque
393 3112 416 3160 ς,
434 3095 645 3163 *uirgatoreeqne
726 3097 776 3147 552
795 3096 843 3147 del.
862 3096 976 3146 Botlriue
1046 3097 1171 3147 lacunam

96 3162 422 3228 agnovitFleelceieeaae5
439 3166 537 3214 iterum
553 3167 662 3215 verdum
680 3162 771 3224 deficit
823 3165 872 3216 554
891 3164 978 3229 copias
991 3163 1030 3212 θ’*
1082 3177 1171 3216 eorum

97 3232 275 3294 Commorim]
294 3231 376 3281 lorum
456 3235 504 3284 555
523 3231 599 3299 logne
617 3232 803 3294 Buecheler-na]
823 3245 903 3296 eugee
920 3231 977 3295 BD,
995 3245 1060 3298 euge
1078 3231 1103 3281 Ε

97 3301 146 3352 556
163 3300 204 3352 *u
222 3300 248 3352 ln.
267 3314 288 3350 c.
307 3299 332 3349 id
351 3299 411 3361 mei]
428 3299 454 3349 id
473 3314 497 3350 v.
516 3299 541 3352 ln.
561 3315 582 3352 e.
601 3301 684 3363 codd,
702 3314 727 3350 v.
746 3298 772 3350 id
790 3315 811 3351 e.
824 3299 848 3351 h.
864 3300 914 3350 mel
934 3300 1103 3350 Hermaaaae

97 3370 145 3419 557
165 3367 287 3419 [actumst
301 3369 396 3432 penore
413 3383 492 3417 aerea
503 3368 579 3419 codd.
649 3367 740 3419 sortior
752 3370 775 3430 a]
794 3366 884 3419 sortior
902 3370 943 3419 est
1011 3365 1171 3420 sufferendas

95 3435 126 3495 B,
145 3433 302 3486 sufferendas
321 3435 372 3485 DE
449 3436 499 3488 558
518 3435 609 3501 edepol
629 3435 747 3502 quirin.
766 3433 813 3486 LG
882 3450 932 3486 non
952 3434 1171 3497 Gertaz’as1nuue

95 3501 165 3568 potis
183 3517 211 3552 es
229 3501 284 3564 LG]
303 3502 388 3568 possis
458 3506 507 3557 559
526 3503 622 3570 possim
641 3503 725 3565 codd,
744 3519 843 3558 eorm
912 3505 961 3556 560
979 3507 1024 3554 tuo
1041 3502 1171 3568 Guyetus]

95 3585 163 3621 nunc
181 3575 226 3621 tuo
319 3572 368 3623 565
387 3575 487 3623 astutos
506 3571 590 3636 codd,
609 3587 678 3622 eona.
695 3570 885 3622 Fleckeieeaae
902 3572 1001 3636 (ortiles
1023 3570 1171 3636 llemebm)

96 3640 144 3690 567
164 3637 189 3689 ni
271 3641 316 3688 tuo
334 3638 358 3687 B
439 3641 488 3692 568
506 3655 567 3690 vero
586 3639 670 3703 codd„
688 3653 758 3690 corr.
781 3638 896 3690 Weiea'as
972 3638 1016 3690 ubi
1035 3639 1119 3691 sciens
1136 3667 1172 3677 -

95 3706 232 3771 perimaris
250 3706 320 3770 (570)
339 3707 388 3760 del.
406 3707 453 3758 LG
556 3709 606 3759 569
624 3722 657 3758 m.
676 3710 702 3757 et
720 3706 851 3771 Scaliger]
870 3710 895 3758 et
912 3706 1049 3759 manifesto
1067 3707 1123 3771 Bu,
1146 3711 1173 3759 et

95 3771 305 3838 manifestosub‚
323 3774 565 3826 etmanilestusffl
634 3774 869 3838 571[et]Botltius
938 3777 987 3829 575
1000 3774 1096 3827 littoris
1107 3775 1208 3842 11919μ

97 3843 146 3959 5176
165 3843 296 3960 uequ⁶7
359 3845 388 3893 ut
406 3858 455 3894 em.
474 3841 519 3907 13²,
536 3844 566 3893 nt
584 3842 709 3908 collegam
729 3858 779 3896 om.
797 3843 834 3893 Ει
921 3845 971 3896 579
990 3843 1021 3894 de
1039 3845 1117 3896 hiatu
1136 3841 1173 3904 ef.

122 3911 312 3974 ww.1r,55
