2544 4364
95 203 117 243 u
125 201 249 252 arn-111
260 201 299 250 na
543 183 719 236 nascamus

96 359 135 418 ita
151 356 244 417 bellus
259 357 367 435 hospes
383 355 452 416 fecit
467 354 696 416 Archidemides.

96 441 148 502 ubi
163 459 245 502 nunc
260 451 305 501 est
320 459 391 518 ergo
406 458 490 500 meus
505 440 705 500 Mnesilochus
720 438 819 500 fdius‘f

97 527 199 587 (leave.
223 526 300 586 Deos
314 530 401 603 itque
416 525 526 585 amicos
540 525 574 585 iit
587 524 744 585 salutatum
760 524 795 584 ad
811 525 918 586 forum.

96 612 160 672 Nic.
182 611 220 670 At
234 627 289 687 ego
304 609 375 669 hinc
390 610 425 670 ad
441 609 532 681 illum,
548 618 582 669 ut
596 627 769 682 convenam,
786 619 929 687 quantum
944 618 1050 688 potest.
1066 642 1108 654 -

97 695 199 757 Cnnvs.
223 694 301 755 lllest
317 702 456 755 oneratus
471 703 552 754 recte
568 703 597 754 et
612 693 770 773 plus'iusto
786 694 874 755 vehit.

98 797 201 841 exorsa
217 779 289 839 haec
304 779 361 839 tela
378 797 439 839 non
457 779 532 839 male
547 779 670 838 omnino
685 779 794 849 mihist,
1127 788 1172 839 aio

97 875 130 926 ut
145 872 291 924 amantem
307 863 407 924 erilem
424 881 528 941 copem
545 863 672 923 facerem
688 863 789 923 filium.

97 949 137 1009 ita
152 948 218 1021 feci,
231 957 263 1008 ut
278 948 342 1008 auri
357 956 501 1026 quantum
516 947 604 1007 vellet
617 956 756 1019 sumeret,

97 1041 241 1111 quantum
255 1041 352 1093 autem
366 1031 466 1093 lubeat
480 1030 603 1093 reddere
618 1040 651 1093 ut
665 1032 768 1092 reddat
783 1031 866 1110 patri.

99 1136 190 1178 senex
204 1117 234 1177 in
251 1116 402 1195 Ephesum
417 1116 471 1176 ibit
486 1134 590 1177 aurum
606 1134 764 1189 arcessere,

97 1202 146 1262 hic
162 1211 262 1263 nostra
278 1209 382 1278 agetur
396 1210 474 1261 aetas
490 1201 520 1260 in
536 1200 678 1261 malacum
696 1201 824 1272 modum,

98 1286 242 1364 siquidem
257 1286 305 1345 hlc
321 1285 469 1363 relinquet
485 1302 582 1363 neque
598 1303 697 1345 secum
714 1285 840 1344 abducet
855 1303 946 1346 senex

98 1371 164 1431 med
181 1379 210 1430 et
224 1368 446 1430 Mnesilochum.
469 1387 543 1448 quas
559 1387 614 1448 ego
630 1369 677 1428 bic
689 1368 789 1429 turbas
804 1369 895 1430 dabol

98 1455 147 1516 sed
164 1453 235 1532 quid
250 1455 420 1527 futurumst,
436 1472 526 1533 quom
542 1454 599 1514 hoc
615 1471 706 1514 senex
721 1452 880 1527 resciverit,

99 1556 189 1616 quom
204 1557 236 1600 se
251 1538 453 1600 excucurrisse
468 1539 538 1599 illuc
553 1540 662 1599 frustra
677 1537 794 1598 sciverit

99 1641 213 1701 nosque
229 1640 332 1683 aurum
349 1622 478 1684 abusos?
493 1623 562 1701 quid
579 1622 649 1683 mihi
666 1623 715 1682 liet
729 1619 854 1700 postea?

100 1707 188 1768 credo
203 1707 302 1768 hercle
318 1707 476 1768 adveniens
491 1726 600 1768 nomen
618 1707 743 1767 mutabit
757 1707 829 1766 mihi

99 1792 243 1870 facietque
260 1791 406 1872 extemplo
422 1791 603 1853 Crucisalum
618 1810 666 1851 me
682 1810 718 1852 ex
733 1790 882 1870 Chrysalo.

99 1878 241 1956 aufugero
256 1876 366 1949 hercle,
381 1875 405 1937 si
420 1875 512 1955 magis
527 1895 599 1938 usus
609 1875 732 1936 venerit.

98 1962 122 2022 si
138 1979 188 2021 ero
204 1961 412 2041 reprehensus,
428 1970 524 2022 macto
539 1979 594 2040 ego
609 1961 692 2021 illum
707 1959 889 2020 infortunio:

100 2047 124 2106 si
138 2045 179 2105 illi
194 2056 264 2107 sunt
278 2046 375 2124 virgae
390 2046 462 2119 mri,
477 2052 508 2106 at
521 2045 593 2106 mibi
608 2052 724 2124 tergum
739 2044 855 2105 domist.

101 2149 181 2190 nunc
196 2129 256 2203 ibo,
272 2130 336 2191 erili
352 2129 411 2191 filio
426 2130 504 2191 hanc
520 2130 660 2191 fabricam
675 2129 750 2190 dabo

100 2233 190 2294 super
204 2233 276 2276 auro
291 2215 443 2294 amicaque
459 2216 522 2277 eius
538 2215 656 2276 inventa
671 2213 823 2275 Bacchide.

563 2416 708 2477 LYDVS
1097 2413 1170 2477 llll

101 2534 224 2595 Pandite
239 2543 327 2612 atque
343 2537 453 2613 aperite
468 2551 596 2613 propere
611 2534 729 2594 itonam
745 2534 821 2593 hanc
836 2532 916 2604 Orci,
932 2531 1066 2592 obsecro.

101 2638 168 2679 nam
186 2618 321 2697 equidem
342 2617 420 2678 haud
442 2618 526 2678 aliter
544 2637 608 2679 esse
623 2619 714 2690 duco;
736 2617 847 2696 quippe
870 2636 928 2696 quo
945 2634 1032 2677 nemo
1048 2617 1173 2691 advenit,

101 2705 158 2765 nisi
173 2721 260 2782 quem
276 2721 344 2781 spes
358 2702 504 2780 reliquere
520 2721 633 2775 omnes,
649 2720 712 2763 esse
727 2712 760 2762 ut
775 2701 852 2781 frugi
868 2701 987 2781 possiet.
1131 2712 1175 2762 ito

101 2788 260 2849 Bacchides
275 2806 337 2847 non
354 2786 521 2860 Bacchides,
538 2786 589 2848 sed
605 2787 733 2847 bacchae
747 2796 818 2847 sunt
832 2803 1012 2846 acerrumae.

101 2891 193 2952 apage
208 2873 277 2934 istas
293 2890 308 2932 a
324 2890 371 2932 me
386 2889 512 2943 sorores,
528 2889 604 2950 quae
619 2871 772 2931 bominum
787 2871 909 2932 sorbent
924 2870 1108 2948 sanguinem.

102 2957 198 3018 omnis
213 2958 248 3018 ad
264 2956 427 3037 perniciem
441 2956 586 3017 instructa
601 2958 706 3017 domus
721 2955 819 3034 opime
835 2964 923 3034 atque
938 2955 1059 3035 opipare
1074 2987 1116 3000 -

102 3060 177 3121 quae
192 3050 225 3102 ut
239 3041 348 3121 aspexi,
363 3059 411 3101 me
426 3041 569 3102 continuo
585 3040 697 3101 contuli
712 3041 859 3120 protinam
874 3042 904 3100 in
921 3040 1020 3120 pedes.

103 3145 198 3205 egone
212 3135 245 3186 ut
259 3127 331 3187 haec
347 3125 487 3186 conclusa
502 3133 614 3202 gestem
629 3122 816 3185 clanculum?
831 3133 865 3184 ut
876 3124 968 3184 celem
979 3130 1102 3203 patrem,
1132 3133 1174 3183 ita

103 3210 272 3282 Pistoclere,
287 3219 337 3270 tua
352 3209 458 3288 flagitia
471 3218 522 3270 aut
536 3210 642 3269 damna
657 3217 708 3270 aut
721 3206 922 3269 desidiabnla‘l

189 3376 239 3426 346
257 3375 435 3427 mneselochus
447 3377 480 3438 1),
498 3375 711 3428 mnesclochusf)
777 3377 826 3427 348
845 3375 886 3438 td]
905 3375 970 3426 abeo
983 3374 1116 3438 Bergkius
1132 3389 1174 3439 op.

95 3445 118 3494 -1
132 3443 174 3504 35,
192 3443 236 3493 ibo
249 3443 504 3496 Abradamuaaiud.
521 3445 559 3498 Pl.
576 3442 628 3495 208
695 3443 854 3505 conveniam,
873 3441 908 3503 cf.
923 3443 972 3494 144
1041 3443 1087 3495 351
1110 3457 1174 3509 quo·

103 3525 161 3575 pem
179 3510 236 3573 BD,
255 3510 374 3576 quiopem
395 3510 428 3573 O,·
445 3510 478 3562 al.
496 3515 525 3563 ut
543 3511 638 3562 amanti
656 3511 711 3561 erili
730 3525 804 3577 opem
824 3510 933 3562 facerem
952 3509 1005 3561 filio
1021 3507 1056 3559 Bb
1073 3513 1102 3560 in
1120 3525 1173 3574 mg.

104 3580 154 3631 354
172 3578 250 3640 [hinc]
269 3578 316 3628 ibit
335 3578 511 3644 Camerarius,
529 3578 593 3630 bitet
606 3578 729 3630 Lucceius
744 3578 784 3642 gl.
796 3593 865 3630 noan.
878 3577 930 3630 225
999 3591 1113 3629 arcesere
1130 3577 1178 3628 BC

104 3648 153 3699 366
171 3643 235 3708 filio]
253 3643 307 3696 filio
327 3645 382 3696 eius
395 3645 464 3696 BCD
533 3648 581 3699 368
600 3645 676 3698 Lmvs
694 3660 788 3696 snnvvs
800 3645 857 3708 BD,
876 3646 961 3697 om.C
1027 3646 1077 3698 369
1096 3644 1175 3711 quipe

103 3714 138 3763 Β1
207 3729 257 3780 quo
274 3712 430 3776 Lambinus]
447 3713 490 3780 qui
509 3713 540 3778 B,
558 3712 599 3765 cui
619 3713 663 3764 01)
732 3715 781 3765 372
798 3713 861 3764 istas
880 3728 929 3766 om.
943 3713 979 3763 Ba
1049 3714 1097 3764 373
1117 3726 1174 3776 per·

103 3781 199 3832 mitiem
218 3780 253 3830 13¹
339 3781 470 3846 opiparest
486 3779 658 3844 flitsalreiiua5
673 3781 721 3831 aad
736 3786 859 3846 apertum
877 3784 915 3830 eet
932 3781 1098 3831 intercidisse
1112 3782 1177 3844 poet

104 3850 175 3898 hunc
191 3863 296 3900 nurum
317 3863 408 3898 comm
425 3848 540 3898 indicam
563 3864 631 3914 quac
653 3850 683 3899 iu
708 3851 829 3901 convicio
848 3848 1030 3915 aspexeratL
1051 3848 1115 3909 dum·
1138 3842 1175 3904 cf.

103 3914 196 3979 477aq.
265 3917 314 3967 375
333 3915 396 3967 haec
414 3915 528 3967 conclusi
547 3916 573 3981 0,
592 3917 662 3968 clusa
680 3917 705 3966 1)
769 3918 817 3969 376
835 3916 1005 3983 dispoliabula
1023 3864 1129 3966 bontas
1142 3913 1174 3961 75
