2544 4364
95 194 118 235 11
128 195 148 245 a,
156 195 231 236 ar-rr
542 176 719 231 BACCthES

96 349 158 410 Nic.
182 350 260 412 Perii
275 350 391 411 hercle:
415 349 530 412 lembus
544 351 593 411 ille
608 350 681 411 mihi
696 351 783 412 laedit
798 350 883 413 latus.

97 433 200 495 (leurs.
224 434 251 496 ls
268 444 330 497 erat
345 435 512 496 communis
527 453 594 497 oum
609 436 725 516 hospite
741 445 771 496 et
784 437 993 514 praedonibus.

95 518 159 579 Nic.
182 518 285 581 Adeon
301 519 454 582 moluisse
469 521 604 600 fungum,
620 530 654 582 ut
669 521 720 599 qui
735 520 777 581 illi
793 522 953 598 crederem,

95 623 187 682 quom
203 604 244 664 mi
259 605 357 684 ipsum
373 623 482 666 nomen
499 605 562 667 eius
576 605 799 667 Archidemides

96 690 235 750 clamaret
250 689 439 770 dempturum
454 709 528 765 esse,
544 690 568 751 si
584 690 654 769 quid
670 689 845 752 crederem?

96 773 199 835 Cnnrs.
222 775 251 836 ls
265 774 381 836 lembus
395 782 514 835 nostrae
529 776 595 835 navi
611 775 733 837 insidias
747 774 843 836 dabat.

96 859 200 938 occepi
216 878 271 938 ego
287 859 444 921 observare
460 878 510 921 eos
526 878 613 939 quam
629 879 691 921 rem
707 871 823 939 gerant.

94 943 208 1004 interea
225 965 241 1006 e
256 955 344 1025 portu
362 953 462 1005 nostra
477 945 559 1006 navis
573 945 704 1007 solvitur.

95 1028 148 1089 ubi
162 1041 251 1109 portu
265 1029 387 1104 eximus,
403 1029 540 1090 homines
554 1029 677 1110 remigio
699 1031 795 1109 sequi,

96 1132 195 1192 neque
211 1133 278 1176 aves
293 1132 391 1192 neque
406 1115 487 1175 renti
502 1113 597 1175 citius.
627 1115 769 1193 quoniam
783 1116 879 1177 sentio

96 1217 173 1276 qnae
188 1218 237 1260 res
251 1208 415 1277 gereretur,
431 1216 536 1258 navem
551 1199 698 1279 extemplo
715 1200 880 1262 statuimus.

95 1284 238 1361 qnoniam
253 1282 354 1343 vident
369 1301 425 1345 nos
440 1293 527 1357 stare,
544 1293 727 1362 occeperunt
740 1293 834 1345 ratem

95 1367 217 1428 turbare
233 1369 263 1428 in
280 1377 379 1447 portu.
409 1368 472 1428 Nm.
495 1367 607 1448 Edepol
622 1369 755 1429 mortalis
769 1369 871 1430 malos

95 1453 167 1531 quid
183 1452 312 1531 denique
328 1450 432 1531 agitis?
462 1453 564 1513 Cnnrs.
587 1453 716 1514 Remum
732 1453 762 1513 in
779 1463 898 1532 portum
913 1456 1082 1535 recipimus.

95 1537 160 1597 Nm.
184 1537 339 1617 Sapienter
354 1538 464 1598 lactum
480 1556 496 1598 a
511 1537 602 1598 vobis.
626 1538 696 1616 quid
712 1538 754 1598 illi
769 1536 896 1618 postea?

96 1621 199 1683 (leurs.
221 1622 434 1683 Revorsionem
450 1623 486 1683 ad
500 1632 610 1683 terram
626 1623 738 1683 faciunt
753 1624 877 1704 vesperi.

95 1706 159 1766 Nre.
183 1708 296 1768 Aurum
311 1707 411 1767 hercle
426 1709 542 1768 auferre
556 1707 691 1768 voluere:
708 1708 733 1767 ei
750 1708 794 1768 rei
810 1726 932 1788 operam
947 1708 1065 1770 dabant.

97 1790 199 1852 Cunrs.
222 1791 289 1853 Non
304 1810 352 1852 me
367 1792 479 1865 fefellit,
495 1792 585 1865 sensi,
601 1811 636 1852 eo
652 1793 834 1854 exanimatus
849 1793 901 1854 lui.

97 1877 237 1954 quoniam
252 1877 386 1937 videmus
400 1894 473 1939 auro
488 1875 609 1938 insidias
623 1876 697 1948 lieri,

97 1962 228 2040 capimus
244 1961 401 2023 considium
417 1961 579 2034 contiuuo;
595 1961 736 2040 postridie

96 2046 257 2107 auferimus
272 2065 377 2109 aurum
393 2063 482 2106 omne
498 2047 553 2107 illis
568 2045 785 2125 praesentibus,

97 2131 192 2208 palam
208 2140 296 2209 atque
311 2141 423 2210 aperte,
439 2140 473 2192 ut
487 2131 528 2192 illi
544 2130 573 2192 id
589 2132 698 2192 lactum
713 2132 884 2193 sciscerent.

96 2215 159 2274 Nm.
183 2215 261 2276 Scite
276 2216 385 2277 hercle.
408 2217 481 2277 cedo
497 2216 568 2295 quid
582 2213 645 2276 illi?
676 2216 778 2278 Cunus.
802 2215 914 2277 Tristes
929 2215 1006 2291 ilico,

96 2318 188 2377 quom
204 2300 352 2380 extemplo
367 2320 383 2361 a
398 2310 486 2379 portu
503 2302 545 2361 ire
561 2319 617 2362 nos
633 2318 701 2360 cum
716 2319 789 2361 auro
803 2299 912 2373 vident,

97 2383 269 2444 subducunt
282 2384 414 2445 lembum
429 2384 574 2463 capitibus
590 2384 806 2462 quassantibus.

97 2487 154 2528 nos
169 2468 245 2545 apud
261 2467 448 2528 Theotimum
464 2486 552 2528 omne
568 2486 673 2528 aurum
688 2468 894 2546 deposivimus,

98 2552 149 2629 qui
164 2552 223 2612 illic
239 2550 376 2613 sacerdos
391 2560 436 2613 est
450 2552 560 2613 Dianae
576 2552 729 2631 Ephesiae.

97 2637 161 2697 Nre.
185 2636 258 2707 Quis
272 2637 338 2698 istic
353 2635 560 2697 Theotimust?
590 2636 692 2698 Cnnrs.
714 2635 896 2716 Megalobyzi
911 2636 998 2711 filius,

98 2723 148 2800 qui
164 2740 246 2782 nunc
261 2723 292 2782 in
308 2721 456 2800 Ephesost
471 2721 606 2800 Ephesiis
621 2722 807 2782 carissumus.

96 2806 160 2866 Nrc.
184 2807 227 2867 Ne
242 2806 290 2867 ille
305 2805 406 2866 hercle
420 2806 492 2867 mihi
507 2807 546 2867 sit
560 2806 652 2866 multo
667 2814 751 2867 tanto
767 2806 871 2882 carior,
1128 2814 1174 2866 910

97 2891 122 2951 si
137 2890 204 2951 med
220 2892 269 2952 illo
285 2909 357 2952 auro
373 2900 455 2952 tanto
472 2891 709 2974 circumduxerit.

98 3057 118 3093 r.
132 3041 189 3103 01);
208 3042 330 3107 strigores
342 3042 439 3094 Festus
447 3043 499 3095 314
517 3044 635 3108 explieat
653 3042 787 3095 densarum
806 3042 898 3096 virium
916 3041 1034 3093 homines
1046 3039 1092 3103 (cf.
1105 3041 1174 3091 Pau-

99 3109 162 3173 lus),
187 3125 222 3158 ex
239 3109 316 3161 Nelei
334 3113 453 3161 carmine
469 3115 501 3160 ut
517 3111 570 3162 oid.
592 3109 718 3171 adferens
736 3110 877 3174 [strigohes
896 3109 1014 3169 exerciti;
1038 3111 1173 3175 trygonem

100 3175 223 3226 Gertztus
243 3177 330 3243 (Capi.
348 3178 398 3229 851
421 3178 574 3243 trigonum),
599 3179 726 3229 triremem
749 3177 897 3228 Palmenm
921 3177 1089 3227 Hermathena.
1108 3175 1174 3227 1881

94 3260 125 3310 p.
144 3242 192 3294 135
211 3242 256 3307 (cf.
274 3246 352 3296 Bure.
371 3249 422 3298 aet.
441 3245 483 3311 27,
500 3245 552 3308 301,
570 3245 725 3310 *strigosum
815 3247 862 3297 281
882 3243 926 3295 ilie
944 3242 980 3293 Β*
1066 3246 1115 3297 283
1133 3259 1174 3296 me

99 3326 157 3362 esse
176 3309 255 3362 luisse
269 3311 314 3363 011
379 3315 430 3365 284
447 3311 625 3365 archidemidis
638 3313 722 3375 codd,
735 3312 1002 3365 nonamdecimam
1066 3313 1115 3365 286
1129 3329 1175 3364 no·

98 3385 167 3429 strae
190 3378 250 3430 navi
272 3379 373 3431 lembus
396 3381 510 3448 Pylades
612 3382 662 3433 292
686 3381 788 3448 qumB
892 3381 940 3432 293
967 3378 1066 3431 tardare
1084 3381 1175 3447 Haup-

98 3450 154 3496 tius
172 3445 340 3511 (Bitscheliue
357 3463 417 3499 noo.
436 3465 494 3500 ene.
512 3449 561 3513 785
577 3449 642 3501 ibid.
660 3448 763 3516 portud)
845 3451 895 3502 298
913 3463 944 3500 eo
963 3448 1012 3500 del.
1030 3447 1175 3500 Muellerus

93 3530 168 3580 pron.
186 3514 238 3566 313
324 3517 374 3569 299
392 3531 453 3582 qum
471 3517 502 3580 B,
521 3516 640 3583 quomC
721 3516 832 3568 vidimus
851 3517 935 3582 codd,
953 3532 1025 3567 corr.-
1044 3515 1175 3568 erotem

98 3584 146 3633 301
168 3596 243 3632 omne
257 3581 339 3645 [illim]
352 3582 403 3634 illis
415 3582 581 3647 Riteeheb'ue,
599 3584 638 3635 illi
657 3585 775 3636 omnibus
787 3584 920 3650 rogetus
932 3600 974 3651 op.
983 3585 1064 3646 1674,
1082 3585 1174 3636 *omne

97 3649 244 3701 hominihus
296 3651 346 3703 302
364 3650 459 3702 scirent
469 3653 504 3703 13¹
557 3654 608 3705 304
625 3652 772 3718 extempulo
785 3652 929 3717 Beothius,
947 3651 1040 3720 portud
1057 3650 1174 3703 Bitscho-

99 3718 151 3767 7100
168 3734 228 3770 noo.
242 3719 342 3770 eccc73
410 3720 461 3770 306
474 3719 639 3787 deposuimus
708 3723 757 3774 307
777 3735 799 3772 e.
812 3719 905 3772 Dianas
917 3720 1094 3772 Buechelerus
1108 3720 1173 3770 decl.

98 3785 134 3835 62
145 3785 195 3851 W.,
213 3785 327 3838 Dianaist
340 3785 510 3838 Camerarius
577 3790 629 3840 308
647 3789 705 3855 quis
717 3788 880 3852 Brunckiue]
899 3789 943 3857 qui
1011 3787 1174 3854 Megalobuzi

99 3851 241 3917 meursius]
259 3853 415 3919 megalobuli
427 3854 572 3922 (Megabyzi
590 3858 655 3907 Plus
665 3860 697 3906 aet
713 3862 751 3907 eet
764 3857 838 3923 apud
849 3856 1034 3923 Menandmrm
1049 3873 1076 3923 p.
1090 3854 1176 3918 48Μ.,

101 3918 136 3980 cf.
152 3919 279 3973 Ilitscbali
294 3937 404 3988 parerg.
422 3923 473 3974 407
482 3924 530 3988 aq.)
599 3926 645 3978 311
666 3939 707 3975 me
