2544 4364
57 191 214 243 raas-asc
506 175 699 229 lnrfflrxvo

144 347 321 428 Amphitruo
335 348 497 410 subditivos
513 366 617 410 eccum
631 349 691 411 exit
704 351 785 410 loras

113 493 116 497 .
143 451 213 495 cum
228 433 388 496 Alcumena
404 452 497 495 uxore
512 433 654 496 usuraria.

272 636 450 698 IVPPITEll
472 636 676 699 ALCVMENA
698 637 915 700 nuncvnlvs
1078 641 1091 701 l
1114 642 1132 705 3

56 772 132 833 leon.
161 771 334 845 benevale,
357 773 534 847 Alcumena,
555 792 626 834 cura
642 778 705 834 rem
720 792 925 849 communem,
947 775 1029 854 quod
1043 776 1132 853 lacis;

54 868 146 936 atquc
160 857 283 937 inperce
299 876 425 936 quaeso:
442 877 561 921 menses
575 859 633 918 iam
649 857 702 919 tibi
717 877 782 920 esse
797 868 879 920 actos
893 859 984 922 vides.
1088 873 1133 924 cto

57 942 130 1003 milri
145 950 295 1004 necessest
309 943 353 1003 ire
367 942 454 1018 hinc;
469 961 573 1004 verum
588 944 667 1022 quod
684 944 740 1004 erit
755 952 858 1005 natum
875 944 978 1006 tollito.

57 1026 126 1087 Ano.
157 1026 234 1098 Quid
249 1027 327 1089 istoc
343 1035 396 1101 est,
412 1026 452 1088 mi
467 1028 520 1103 vir,
537 1027 647 1107 negoti,
664 1029 742 1106 quod
758 1037 791 1089 tu
806 1037 864 1089 mm
880 1029 978 1090 subito
994 1028 1082 1092 domo

56 1109 166 1173 abeas?
209 1111 283 1172 lvnr.
313 1112 426 1191 Edepol
441 1112 519 1174 haud
534 1112 612 1191 quod
627 1113 670 1173 tui
686 1131 733 1174 me
750 1132 847 1192 neque
862 1114 943 1175 domi
957 1115 1133 1190 distaedeat;

54 1197 108 1257 sed
123 1195 176 1257 ubi
191 1214 324 1258 summus
339 1196 503 1276 imperator
517 1217 585 1268 non
595 1198 677 1259 adest
692 1198 728 1258 ad
744 1199 915 1272 exercitum,

55 1281 144 1343 citius
159 1281 239 1360 quod
255 1300 316 1343 non
331 1282 438 1343 factost
453 1302 524 1345 usus
539 1284 572 1344 lit
587 1301 675 1361 quam
690 1283 770 1361 quod
786 1284 892 1346 factost
906 1302 992 1365 opus.
1088 1296 1132 1347 515
1226 1324 1233 1337 ·

56 1366 150 1426 Mene.
180 1365 273 1429 Nimis
288 1365 337 1427 hic
351 1366 456 1429 scitust
470 1368 661 1447 sycophanta,
683 1368 734 1445 qui
750 1368 868 1446 quidem
885 1386 968 1431 meus
983 1369 1022 1431 sit
1037 1378 1132 1450 pater.

56 1450 241 1521 observatote
257 1452 356 1528 [eum],
371 1469 458 1529 quam
474 1452 581 1512 blande
596 1451 713 1513 mulieri
728 1451 905 1532 palpabitur.

56 1536 126 1596 Ano.
154 1536 278 1597 Ecastor
293 1546 321 1598 te
337 1536 476 1616 experior
490 1537 592 1616 quanti
608 1537 696 1598 facias
712 1556 835 1598 uxorem
850 1547 940 1598 tuam.

55 1621 131 1681 lore.
161 1621 241 1682 Satin
257 1621 358 1695 hebes
374 1621 399 1682 si
414 1622 591 1683 feminarum
607 1621 716 1683 nullast
731 1640 818 1700 quam
833 1641 927 1701 aeque
943 1620 1084 1700 diligam?

55 1706 150 1766 lineo.
179 1705 292 1786 Edepol
307 1724 346 1766 ne
361 1706 409 1766 illa
424 1707 448 1767 si
463 1707 526 1768 istis
541 1707 630 1768 rebus
646 1716 674 1767 te
690 1706 762 1768 sciat
777 1726 898 1787 operam
913 1708 992 1781 dare,
1087 1717 1131 1769 510

55 1809 112 1869 ego
126 1790 216 1852 faxim
231 1791 279 1853 ted
294 1791 544 1869 Amphitruonem
559 1811 623 1852 esse
638 1791 732 1864 malis,
749 1809 836 1870 quam
852 1791 959 1853 lovem.
1071 1852 1074 1856 .

56 1874 125 1935 Ace.
155 1875 291 1954 Experiri
306 1875 382 1936 istuc
396 1877 549 1937 mavellem
564 1895 611 1937 me
626 1894 715 1955 quam
730 1878 771 1937 mi
786 1877 988 1938 memorarier.

55 1959 140 2038 prius
155 1959 218 2021 abis
232 1979 321 2038 quam
335 1960 430 2023 lectus
445 1960 496 2022 ubi
513 1961 642 2028 cubuisti
658 1962 807 2025 concaluit
820 1962 913 2023 locos.

55 2045 120 2105 beri
135 2045 240 2106 venisti
254 2045 350 2106 media
366 2054 462 2122 nocte,
480 2065 561 2108 nuno
577 2046 654 2107 abis:
670 2046 759 2107 hocin
775 2044 894 2126 placet?

55 2129 150 2191 Meno.
186 2130 331 2191 Accedam
358 2138 447 2209 atque
470 2131 546 2192 hanc
573 2130 726 2212 appellabo
756 2140 785 2192 et
813 2129 1053 2210 subparasitabor
1071 2148 1132 2209 pa·

362 2217 410 2275 lri.
426 2249 468 2260 -
1087 2224 1131 2276 515

54 2317 218 2377 numquam
233 2298 339 2380 edepol
354 2319 531 2379 quemquam
552 2300 705 2361 mortalem
721 2300 811 2361 oredo
832 2318 887 2378 ego
909 2318 1031 2361 uxorem
1047 2317 1132 2361 suam

56 2383 99 2444 sic
115 2384 251 2445 ecflictim
265 2402 373 2459 amare,
389 2386 515 2464 proinde
532 2393 564 2445 ut
579 2385 625 2446 hie
641 2394 670 2446 te
687 2385 825 2446 ecflictim
840 2385 963 2463 deperit.

55 2468 130 2529 loo.
161 2469 317 2545 Carnorex,
333 2489 394 2531 non
411 2489 466 2549 ego
482 2478 511 2530 te
527 2468 617 2530 nori?
632 2471 700 2530 abin
718 2489 734 2530 e
750 2477 914 2548 conspectu
928 2467 1016 2529 meo?

54 2553 126 2631 quid
140 2553 195 2615 tibi
209 2553 286 2614 banc
301 2555 442 2616 curatiost
457 2572 529 2626 rem,
545 2555 679 2628 verbero,
695 2561 745 2614 aut
759 2551 911 2614 muttitio?

54 2637 155 2716 quoiei
169 2657 225 2718 ego
240 2639 298 2699 iam
319 2640 378 2700 hoc
399 2640 533 2718 scipione
549 2674 590 2684 -
633 2641 703 2701 Ano.
734 2639 778 2699 Ah
795 2638 865 2699 noli.
909 2637 984 2698 lvrr.
1012 2637 1130 2699 Muttito

360 2725 459 2786 modo.
1087 2732 1131 2783 511

55 2808 150 2868 blnnc.
180 2808 323 2887 Nequiter
337 2827 432 2888 paene
448 2808 595 2887 expedivit
609 2809 704 2888 prima
719 2808 898 2888 parasitatio,

55 2891 131 2953 lone.
160 2892 269 2954 Verum
287 2894 365 2973 quod
380 2902 412 2955 tn
428 2894 511 2966 dicis,
527 2912 592 2955 mea
608 2913 693 2968 uxor,
709 2908 771 2955 non
786 2901 816 2954 te
831 2894 872 2955 mi
887 2892 974 2954 irasci
988 2892 1082 2954 decet.

55 2977 224 3039 clanculum
241 2978 299 3039 abii
314 2997 331 3038 a
345 2979 478 3058 legione:
495 2997 618 3059 operam
632 2979 709 3040 hanc
723 2978 871 3058 subrupui
885 2978 948 3049 tibi,

53 3081 92 3122 ex
107 3080 155 3123 me
171 3062 267 3143 primo
282 3065 336 3140 [ut]
351 3064 447 3143 prima
462 3064 562 3135 scires,
579 3082 642 3123 rem
657 3072 690 3124 ut
705 3064 861 3141 gessissem
876 3062 1035 3142 publicam.

141 3246 382 3309 lllsslsimol1cunr
399 3246 544 3307 Muellerus
611 3245 770 3298 Alcumenad
787 3246 947 3298 llitsabolius
1024 3261 1131 3297 veroum

55 3313 107 3366 ἀεὶ
126 3313 253 3380 Goyotacr,
269 3332 294 3384 o.
311 3331 332 3365 s.
411 3317 460 3366 499
478 3313 539 3381 quid
557 3315 594 3364 Ba
671 3318 722 3368 599
740 3320 767 3366 at
784 3314 845 3381 quin
863 3328 942 3379 perge
959 3314 1043 3379 codd„
1060 3329 1130 3366 corr.

55 3381 229 3433 Commorim
314 3384 364 3434 506
383 3383 417 3434 sit
435 3397 506 3433 meus
524 3383 549 3432 E
634 3385 683 3435 501
703 3383 839 3434 observato
858 3383 967 3434 Seruius
1052 3383 1130 3444 [eum]

56 3450 171 3520 Boetius
239 3455 268 3501 ut
286 3450 380 3503 blande
392 3450 511 3515 palpetur
522 3450 622 3501 mulieri
634 3451 757 3501 Donatus
825 3454 872 3502 511
886 3455 918 3501 -te
986 3448 1131 3502 malisesse

55 3517 169 3568 Botbim
237 3519 287 3571 513
306 3519 367 3570 lecti
379 3535 404 3570 u.
415 3534 436 3570 c.
455 3535 478 3580 ς,
496 3534 521 3569 u.
531 3533 553 3572 c.
564 3518 645 3570 lectos
658 3519 772 3568 Botbics
783 3516 876 3581 (lectus
885 3522 1039 3583 genetivum
1051 3521 1132 3569 teota-

56 3589 103 3635 tur
120 3587 284 3651 maanus)
370 3586 443 3637 loc·-
463 3585 499 3637 11ι
577 3588 627 3639 514
645 3585 752 3637 hoccine
833 3589 883 3639 516
901 3600 950 3651 ego
968 3601 1018 3638 om.
1036 3586 1062 3634 D

54 3656 106 3705 511
125 3652 245 3707 ecflictim
264 3668 349 3706 amare
361 3655 406 3717 13²]
425 3659 452 3706 et
468 3653 557 3705 ilictim
575 3669 617 3706 are
630 3655 664 3718 11,
682 3658 708 3705 et
724 3652 857 3705 fiotumare
869 3655 906 3705 E¹
922 3658 954 3705 ot
969 3655 1032 3717 oid,
1050 3651 1130 3704 elflic·

55 3721 102 3771 tim
120 3736 144 3771 a.
160 3721 207 3785 E²‚
224 3721 341 3773 efflictim
360 3738 383 3773 a.
400 3722 436 3772 B¹
504 3728 530 3773 te
547 3721 665 3774 efflictim
683 3721 757 3772 BDE
809 3723 858 3774 518
877 3722 936 3773 abin
954 3720 1130 3788 [1111911914-

51 3789 101 3839 des
188 3792 236 3842 519
255 3789 557 3854 1111111011,1111110111ι
626 3793 676 3842 529
690 3788 767 3856 qnoid
781 3803 830 3853 ego
842 3789 885 3853 11¹,
899 3805 950 3856 quo
963 3789 1022 3855 lego
1035 3787 1129 3851 Dum,

52 3856 118 3923 quoi
136 3871 185 3923 ego
204 3858 346 3909 Scutarios
416 3859 465 3910 523
484 3858 525 3909 abi
546 3860 624 3923 RBE,
644 3859 711 3921 [huc]
730 3857 782 3908 abii
800 3857 924 3922 Scaliger
941 3857 1021 3922 (abirl
1039 3855 1130 3907 Camo-

52 3927 158 3989 ran'm)
226 3928 277 3978 524
295 3929 342 3989 [ot]
361 3926 548 3978 Fleckeiseous
617 3927 752 3978 cessissem
770 3925 857 3976 BD¹E
