2544 4364
108 187 168 247 112
583 193 703 249 PLAvrl
999 215 1035 257 111
1046 215 1177 269 eir-w

106 362 158 424 sed
173 362 348 444 Megadorus
363 384 447 428 meus
462 367 559 428 affinis
574 386 678 430 eccum
694 368 804 431 incedit
819 387 835 430 a
850 370 924 431 foro.

105 447 163 509 iam
178 448 259 512 hunc
274 469 335 512 non
353 452 446 514 ausim
461 453 631 531 praeterire,
648 453 719 533 quin
737 454 895 517 consistam
911 463 942 517 et
956 456 1133 536 conloquar.

392 659 678 723 Mnunnonvs
722 660 886 724 EVGLIO
1095 661 1172 728 1115

167 776 242 838 Mne.
276 777 395 839 Narravi
417 779 517 842 amicis
540 781 638 842 multis
660 781 816 842 consilium
838 799 937 844 mcum
1133 791 1175 843 494

168 863 204 924 dc
228 864 404 926 condicione
427 866 491 927 hac.
536 865 689 927 Euclionis
711 866 798 928 filiam

166 949 294 1010 laudant.
339 950 488 1029 sapienter
510 952 619 1012 factum
642 961 672 1012 ct
693 952 817 1013 consilio
839 953 929 1014 bono.

166 1052 234 1094 nam
256 1054 323 1096 meo
346 1036 464 1114 quidem
487 1036 585 1097 animo
607 1042 632 1098 sl
654 1037 732 1098 idem
754 1038 861 1099 saciant
882 1036 973 1099 ceteri

166 1120 376 1199 opulentiores,
399 1121 608 1201 pauperiorum
631 1121 704 1184 filias

164 1212 197 1265 ut
218 1204 363 1267 indotatas
385 1207 495 1268 ducant
516 1225 624 1268 uxores
645 1209 775 1283 domum,

165 1297 195 1350 et
216 1291 308 1353 multo
325 1294 373 1353 fiat
395 1292 495 1353 civitas
517 1292 703 1366 concordior,

165 1382 194 1435 et
217 1395 271 1438 nos
292 1378 408 1439 minore
430 1378 537 1439 invidia
560 1387 677 1440 utamur
698 1395 786 1456 quam
808 1377 928 1450 utimur,

165 1470 194 1521 et
215 1461 279 1524 illae
303 1463 408 1524 malam
430 1482 494 1524 rem
517 1472 649 1524 metuant
670 1481 759 1542 quam
781 1470 917 1524 metuont
938 1461 1041 1542 magis,

165 1553 194 1606 et
216 1566 272 1608 nos
294 1548 409 1609 minore
432 1557 551 1628 sumptu
573 1549 664 1610 simus
686 1566 773 1627 quam
796 1567 908 1610 sumus.

164 1630 195 1691 in
218 1651 384 1693 maxumam
407 1633 490 1695 illaec
512 1633 615 1714 populi
636 1643 780 1713 partemst
803 1642 939 1714 optuma;
1129 1641 1172 1693 499

163 1716 194 1776 in
217 1718 364 1797 paucioris
386 1718 485 1780 avidos
507 1719 693 1794 altercatiost,

163 1820 292 1882 quorum
314 1804 419 1866 animis
442 1804 531 1866 avidis
552 1814 641 1884 atque
663 1803 877 1866 insatietatibus

163 1906 260 1966 neque
282 1889 330 1950 lex
352 1908 449 1968 neque
471 1897 554 1952 sutor
576 1908 682 1969 capere
705 1899 749 1951 est
771 1889 823 1968 qui
844 1887 937 1968 possit
957 1886 1089 1949 modum.

162 1992 290 2052 namque
310 1975 368 2036 hoc
391 1975 442 2052 qui
465 1974 556 2036 dicat:
584 1969 657 2053 ‘quo
679 1974 745 2036 illae
767 1974 884 2035 nubent
905 1972 1007 2035 divites

163 2059 286 2132 dotatae,
310 2059 334 2120 si
356 2059 433 2120 istud
455 2059 502 2121 ins
523 2059 704 2139 pauperibus
726 2048 883 2139 ponitur‘l'
1129 2067 1172 2119 499

163 2162 221 2222 quo
245 2143 366 2205 luheant
387 2143 511 2219 nubant,
534 2144 605 2204 dum
627 2144 680 2206 dos
704 2164 741 2205 ne
764 2145 814 2204 fiat
836 2162 944 2206 comcs.

162 2228 218 2289 hoc
240 2233 266 2290 st
286 2228 326 2289 ita
347 2230 406 2303 fiat,
430 2246 527 2290 mores
550 2229 687 2292 meliores
709 2228 765 2291 sibi

160 2322 276 2394 parent,
300 2332 354 2392 pro
377 2315 445 2375 dote
466 2332 542 2393 quos
563 2316 668 2390 ferant,
692 2332 781 2393 quam
804 2332 886 2375 nunc
907 2314 1016 2375 lerunt.

160 2417 215 2478 ego
238 2399 325 2461 faxim
347 2399 429 2473 muli,
451 2400 547 2479 pretio
570 2400 621 2479 qui
643 2409 785 2480 superant
807 2417 909 2479 equos,

161 2485 222 2546 sint
241 2484 358 2546 viliores
381 2484 498 2546 Gallicis
521 2485 689 2546 cantheriis.
1126 2492 1169 2545 499

161 2569 246 2630 Evcn.
284 2570 326 2630 lta
348 2589 395 2631 me
418 2570 447 2630 di
469 2570 610 2631 amabunt
631 2578 664 2631 ut
686 2589 741 2648 ego
763 2570 844 2629 hunc
866 2567 999 2629 ausculto
1022 2566 1141 2631 lubens.
1211 2648 1213 2653 Ι

161 2655 248 2716 nimis
269 2654 365 2734 lepide
387 2655 457 2715 fecit
479 2655 566 2716 verba
588 2656 623 2717 ad
647 2655 867 2735 parsimoniam.

160 2738 236 2800 Mnc.
270 2739 355 2801 Nulla
378 2740 468 2818 igitur
489 2740 583 2801 dicat:
604 2733 755 2819 ‘equidem
777 2740 877 2800 dotem
899 2739 933 2799 ad
955 2744 985 2798 te
1007 2735 1098 2799 adtuli

180 2941 229 2991 493
247 2938 401 3005 magodorns
418 2940 452 3002 D,
470 2938 656 3004 medagorusJ
722 2943 773 2992 494
790 2940 849 3003 iam]
865 2939 926 2990 item
938 2937 977 2988 11¹
1044 2939 1096 2991 499
1114 2935 1169 2989 ue-

95 3020 216 3059 annonvs.
250 3021 339 3058 eremo
358 3021 432 3058 sarrs
456 3021 507 3058 nvo
525 3007 555 3070 B,
574 3022 601 3058 u.
619 3021 642 3058 n.
660 3021 710 3058 ovo
729 3022 807 3059 sunni
824 3009 848 3068 J,
874 3022 924 3058 om.
941 3007 967 3056 D
1068 3004 1167 3069 multis]

95 3074 158 3126 meis
176 3076 201 3125 Π
270 3078 318 3127 497
337 3073 494 3142 imperfecto
510 3079 642 3126 contentia
660 3077 722 3126 tolio
734 3078 798 3127 olim
816 3074 915 3136 fuerit:
932 3072 1045 3137 laudant,
1063 3072 1169 3136 [miran-

95 3145 135 3194 tur
153 3143 221 3209 quod
239 3144 294 3196 sine
312 3144 372 3196 dote
391 3143 512 3196 duxerim.
535 3144 539 3210 Ι
560 3143 606 3195 sed
624 3143 682 3208 hoc]
700 3145 839 3209 sapientem
864 3143 899 3204 cf.
917 3140 1091 3209 rrumpere:
1110 3142 1128 3194 l.
1146 3158 1168 3195 s.

95 3212 144 3264 489
162 3211 259 3264 dubant
277 3213 314 3263 B⁰
383 3214 432 3265 482
451 3227 498 3264 nos
516 3212 575 3263 min.
594 3212 645 3262 inv.
663 3210 815 3274 Muellerum]
833 3212 885 3264 inv.
904 3211 964 3262 min.
982 3223 1030 3262 nos
1108 3225 1168 3263 coi·-

93 3294 138 3329 cuc
155 3296 210 3331 non
226 3281 383 3342 Plautium
406 3279 440 3340 σί
461 3279 584 3331 Goelzim
603 3280 618 3332 l.
636 3296 657 3331 o.
744 3282 794 3333 485
813 3279 839 3331 in
857 3279 1042 3330 maximamm
1061 3275 1123 3329 illec
1159 3314 1166 3330 .

94 3351 192 3412 partem
210 3353 250 3399 est
268 3349 390 3414 optimam
404 3348 436 3411 D,
454 3347 480 3398 in
498 3348 608 3399 maxima
626 3347 685 3399 illec
703 3364 728 3415 p.
741 3353 814 3414 perte
832 3353 872 3400 est
889 3352 992 3413 optuma
1005 3347 1029 3410 J,
1047 3344 1074 3396 in
1085 3294 1168 3397 moxl-

95 3429 161 3465 mam
180 3415 241 3467 illuc
259 3431 283 3482 p.
303 3422 399 3483 partem
418 3420 458 3468 est
476 3417 598 3481 optimam
615 3415 646 3469 B.
681 3420 706 3466 ot
724 3417 788 3467 hacc
806 3419 832 3464 et
848 3416 903 3465 olto
920 3416 1024 3466 indicia
1040 3413 1168 3466 indicant

94 3486 156 3532 onte
174 3485 244 3534 dunc
261 3499 284 3535 o.
298 3485 377 3535 talem
393 3486 552 3535 senteutiam
564 3483 747 3534 intercidisse:
763 3485 831 3549 [nam
849 3483 871 3534 si
889 3483 947 3550 quis
965 3482 1047 3549 legem
1059 3481 1128 3534 ierat
1140 3482 1166 3534 in

95 3549 160 3602 hanc
178 3552 346 3615 sententiam]
367 3568 411 3619 pro
424 3552 476 3603 illis
489 3553 607 3616 crocotis,
625 3552 755 3617 strophiis,
774 3554 877 3616 sumptu
890 3551 978 3602 uxorio
996 3553 1091 3613 [mores
1111 3564 1168 3602 mo·

94 3616 181 3671 destos
191 3619 365 3672 nanciscamur
374 3621 517 3684 mulierum]
527 3621 666 3686 adsumpto
676 3634 754 3670 verm
764 3635 839 3684 quem
849 3617 1167 3682 adfartll'ouimp.538;

93 3684 168 3738 illacc
185 3686 242 3739 scil.
261 3688 386 3740 sententia
465 3690 515 3741 486
533 3688 701 3754 ρευσίοῐίο]
769 3689 819 3739 488
836 3691 941 3738 moeres
957 3689 1038 3738 etiam
1056 3685 1166 3737 Latinis

93 3753 244 3806 dominibus
260 3750 376 3807 ‘modum
395 3749 501 3824 copisco’
522 3757 584 3807 iiiuc
601 3756 742 3818 discimue3
760 3752 795 3814 cf.
814 3754 865 3807 798
971 3754 1053 3807 ossinl
1069 3753 1096 3803 11

93 3822 142 3874 489
161 3838 243 3890 neque
261 3824 310 3876 hoc
325 3823 419 3890 qnidJ
482 3824 590 3890 *nempe
608 3824 657 3877 hoc
669 3823 714 3890 qui
725 3822 811 3875 dicant
880 3825 930 3876 499
947 3770 1034 3875 lotan
1053 3835 1082 3874 eu
1093 3821 1165 3877 istud

93 3888 133 3940 nis
151 3892 236 3957 codd,
253 3907 323 3944 corr.
342 3892 512 3944 &morarius
596 3894 644 3944 491
664 3892 769 3943 iubeant
788 3889 872 3955 DJB²,
889 3890 979 3943 lubeat
991 3889 1167 3942 Camerarius

93 3956 144 4010 494
161 3964 284 4026 super-nt
301 3975 383 4026 equos
402 3960 443 4022 8¹,
462 3964 584 4025 superant
602 3974 699 4025 aequos
716 3960 742 4010 D
811 3961 861 4012 495
880 3959 947 4011 sient
