2544 4364
57 211 212 262 remea-nae
502 193 695 248 9119191999
1097 201 1136 261 19

102 367 199 430 Mune.
236 365 355 428 Scibam
378 367 515 445 equidem
539 367 654 429 nullum
676 387 740 431 csse
762 369 850 432 nobis
872 371 929 433 nisi
951 391 1000 435 me
1021 372 1136 436 servom

409 451 532 514 Sosiam.
1094 469 1137 521 385

102 538 178 619 lugit
194 545 223 600 te
239 538 324 600 ratio.
369 536 434 598 Sos.
467 537 585 598 Vtinam
600 538 676 599 istuc
690 540 786 619 pugni
800 541 1009 604 iecissenttui.
1074 565 1078 575 “

103 623 198 686 Mune.
228 621 292 701 Ego
308 640 374 685 sum
389 621 472 683 Sosia
486 621 535 683 ille
552 641 642 700 quem
656 631 689 684 tu
704 624 815 686 dudum
831 644 895 688 esse
911 626 1008 690 aiebas
1023 629 1104 690 mihi.

103 708 168 772 Sos.
199 706 331 770 Obsecro
347 717 380 769 ut
394 725 448 787 per
462 725 566 787 pacem
582 708 668 769 liceat
682 715 713 769 te
727 709 846 788 alloqui,
863 718 896 771 ut
913 729 950 772 ne
965 713 1111 791 vapulem.

101 793 196 856 Mnac.
212 793 320 853 'Immo
335 791 467 854 indutiae
483 810 644 873 parumper
659 795 740 870 fiant,
756 794 781 856 si
797 795 868 874 quid
882 797 925 857 'vis
939 797 1031 875 loqui.

103 879 168 942 Sos
190 879 258 939 Non
274 878 379 957 loquar
394 876 451 939 nisi
466 895 538 957 paca
554 878 638 952 lacta,
655 879 773 958 quando
786 880 896 960 pugnis
906 881 974 961 plus
984 883 1071 945 vales.
1094 894 1137 944 999

101 965 196 1027 blanc.
226 961 479 1106 191οεί9919ἦί4,
503 981 564 1107 nopp
588 963 714 1025 nocebo.
760 964 824 1026 Sos.
853 966 934 1027 Tuae
950 967 1007 1029 lide
1023 966 1137 1029 credo?

408 1065 503 1106 tnnc.
564 1065 625 1109 eac.

103 1133 167 1196 Sos.
191 1133 270 1205 Quid
285 1133 310 1194 si
324 1128 430 1193 falles?
466 1131 561 1193 Mune.
584 1133 660 1194 Tum
671 1133 836 1196 Mercurius
847 1135 950 1197 Sosiae
964 1136 1057 1199 iratus
1072 1138 1137 1199 siet.

101 1219 166 1281 Sos.
196 1219 336 1280 Animum
351 1217 486 1278 advorte:
503 1235 585 1278 nunc
600 1217 669 1278 licet
684 1218 724 1278 mi
738 1218 833 1280 hhere
847 1220 962 1298 quidvis
976 1221 1068 1300 loqui.

102 1303 327 1384 Amphitruonis
341 1321 396 1381 ego
412 1320 479 1362 sum
494 1319 595 1364 servos
610 1302 702 1364 Sosia.
747 1304 841 1364 Meno.
874 1305 971 1366 Etiam
986 1304 1108 1368 denuo?

104 1388 167 1451 Sos.
198 1389 306 1450 Pacem
322 1388 388 1461 leci,
404 1387 509 1447 foedus
524 1386 571 1461 ici,
586 1405 655 1448 vera
670 1387 746 1447 dico.
791 1389 885 1450 hlnnc.
914 1390 1037 1470 Vapula.
1094 1401 1138 1451 995

103 1473 168 1536 Sos.
183 1474 220 1535 Vt
231 1473 314 1534 lubet
324 1472 403 1550 quod
414 1470 468 1530 tibi
479 1470 562 1531 lubet
573 1472 628 1546 lac,
641 1470 783 1550 quoniam
793 1475 904 1553 pugnis
915 1474 983 1554 plus
992 1475 1080 1537 vales.

102 1577 215 1633 verum,
238 1566 271 1619 ut
292 1567 327 1618 ut
347 1576 380 1618 es
393 1557 542 1629 tacturus,
565 1557 623 1617 hoc
646 1556 764 1635 quidem
786 1559 886 1620 hercle
905 1559 984 1620 haud
1004 1559 1136 1622 reticebo

409 1649 518 1701 tamen.
1018 1689 1021 1695 .
1054 1680 1057 1685 -

102 1727 196 1790 Mnuc.
227 1727 273 1787 Tu
287 1744 335 1788 me
349 1726 429 1786 vivos
443 1724 531 1785 hodie
547 1743 711 1803 numquam
725 1726 814 1788 iacies
830 1728 903 1806 quin
918 1727 974 1789 sim
989 1727 1082 1789 Sosia.

103 1812 168 1876 Sos.
199 1811 285 1874 Certe
298 1810 403 1891 edepol
413 1818 446 1872 tu
461 1827 509 1870 me
521 1809 661 1871 alienabis
677 1829 838 1890 numquam
851 1814 922 1891 quin
936 1821 1039 1873 noster
1050 1814 1136 1885 siem;

103 1917 159 1961 nec
175 1895 262 1959 nobis
277 1904 396 1976 praeter
411 1893 567 1955 medalius
582 1895 767 1973 quisquamst
782 1915 882 1958 servos
898 1896 992 1958 Sosia.
1094 1908 1139 1957 499

102 1980 166 2129 ppui
182 1999 250 2043 curn
265 1981 483 2061 Amphitruone
498 1978 569 2039 hinc
585 1998 643 2041 una
659 1980 752 2041 ieram
767 1981 799 2041 in
816 1978 1002 2063 exercitum]

133 2086 197 2128 nnc.
233 2065 287 2127 llic
309 2067 399 2126 homo
422 2082 513 2126 sanus
533 2083 594 2124 non
618 2073 671 2125 est.
722 2066 786 2127 Sos.
817 2065 905 2137 Quod
925 2068 966 2127 mi
986 2066 1138 2146 praedicas
1200 2069 1203 2075 '

409 2149 522 2222 vitium,
538 2149 567 2209 id
582 2148 673 2210 tibist.

104 2236 175 2315 quid
190 2235 309 2310 malum,
326 2253 389 2296 non
404 2253 470 2295 sum
486 2252 541 2313 ego
556 2252 657 2295 servos
672 2235 897 2314 Amphitruonis
913 2234 1020 2297 Sosia?

79 2380 85 2386 .
104 2340 206 2383 nonne
221 2321 276 2382 hac
292 2328 384 2381 noctu
399 2326 500 2380 nostra
517 2318 598 2380 navis
615 2314 697 2402 [huc]
714 2339 750 2380 ex
764 2328 854 2400 portu
869 2320 988 2382 Persico

103 2407 194 2481 venit,
210 2424 284 2484 quae
299 2424 347 2466 me
363 2401 497 2465 advexit?
513 2422 616 2464 nonne
631 2422 680 2464 me
693 2405 752 2466 huc
768 2424 836 2466 erus
850 2405 931 2466 misit
945 2402 1053 2465 meus?
1095 2414 1139 2464 405

105 2510 207 2553 nonne
223 2509 278 2571 ego
294 2509 376 2552 nunc
392 2498 437 2550 sto
453 2499 523 2616 ante?
537 2488 624 2549 aedes
640 2487 777 2550 nostras?
793 2507 854 2549 non
871 2489 940 2549 mist
954 2489 1089 2548 lanterna
1106 2489 1137 2549 in

410 2591 519 2633 manu.
764 2627 766 2630 .

105 2679 167 2724 non
182 2661 298 2738 loquor,
315 2677 376 2719 non
387 2654 497 2736 vigilo?
514 2674 617 2717 nonne
632 2656 681 2717 hic
697 2658 785 2720 modo
797 2674 845 2718 mc
860 2658 970 2738 pugnis
982 2655 1138 2720 contudit?

104 2745 175 2807 lecit
189 2744 298 2819 hercle,
315 2761 384 2804 nam
400 2742 488 2803 etiam
503 2741 611 2803 misero
627 2761 709 2803 nunc
725 2738 821 2826 [mihi]
837 2743 930 2804 malae
945 2743 1055 2805 dolent.

106 2829 176 2909 quid
197 2829 289 2907 igitur
311 2847 366 2909 ego
388 2824 513 2888 dubito?
536 2835 586 2971 {Am
608 2846 686 2905 quor
707 2847 769 2888 non
792 2828 873 2888 intro
896 2847 932 2888 eo
952 2829 983 2888 in
1007 2835 1138 2889 nostram

410 2914 531 2973 domum

149 3133 198 3184 385
217 3130 331 3182 sciebam
384 3129 433 3181 386
451 3127 518 3179 istuc
536 3127 635 3178 utinam
652 3125 771 3194 Guyotm
823 3129 873 3180 381
909 3143 968 3180 uem
986 3128 1139 3195 tePyladea

63 3201 110 3253 391
126 3198 205 3251 dicito
224 3198 309 3264 codd„
327 3195 612 3248 commodaremus
676 3193 767 3246 tacebo
780 3195 817 3244 D¹
887 3145 947 3248 Adai
1017 3197 1067 3248 392
1075 3200 1140 3260 port

61 3267 113 3320 39⁵
129 3270 221 3334 pomo
236 3267 274 3318 Ba
353 3266 402 3317 395
420 3263 454 3315 ici
474 3263 543 3326 Otto]
562 3262 612 3314 leci
692 3264 741 3315 399
760 3262 822 3330 quid
839 3263 915 3313 BDD
995 3264 1043 3315 398
1062 3262 1139 3314 uiuus

61 3335 144 3399 B¹D²]
162 3335 238 3388 uiae·
257 3335 302 3398 13¹,
319 3333 377 3384 ulus
389 3332 428 3381 D¹
445 3335 477 3381 ut
493 3331 554 3392 oid,
572 3330 597 3381 D
666 3333 716 3383 499
734 3346 775 3382 me
845 3346 893 3383 nec
911 3330 986 3383 nohis
1003 3333 1139 3396 praesente

52 3404 157 3472 ,uliquis
175 3402 311 3471 quisquam
323 3400 372 3452 nisi
391 3415 481 3452 seruus
493 3397 599 3450 Nonius
611 3414 641 3464 p.
651 3399 685 3450 76
703 3403 802 3450 tertam
814 3403 950 3465 praesente
962 3397 1036 3450 nobis
1054 3399 1140 3465 (quod

63 3472 116 3523 buc
135 3471 274 3537 pertinere
294 3469 429 3520 intollooeit
445 3467 465 3517 1.
484 3466 681 3529 Scbroedencs5
704 3465 739 3527 cf.
758 3467 891 3518 Dziatalro
916 3469 946 3517 in
968 3464 1139 3526 loibum-‚fi

61 3536 365 3603 rom.rnatot.7,126)
452 3537 498 3586 491
520 3535 571 3586 del.
588 3535 777 3586 Fleckeisenue
863 3536 913 3586 402
949 3533 1053 3587 9.(19ι

62 3609 113 3661 494
130 3621 183 3670 uon
196 3621 250 3672 pro
268 3620 353 3657 nonne
371 3602 541 3669 Spengola'us,
563 3608 595 3654 ut
615 3603 686 3653 idem
702 3619 727 3653 υ.
746 3603 796 3655 495
814 3603 875 3667 (non
894 3551 952 3654 meAA
970 3601 1025 3667 cd)
1044 3601 1095 3654 406
1113 3605 1139 3650 et

64 3675 215 3729 mononem
232 3689 255 3726 v.
274 3672 325 3724 407
343 3672 425 3723 tertio
444 3671 500 3723 loco
588 3671 656 3734 [huc]
716 3671 789 3721 ladas
886 3674 936 3723 406
954 3685 1022 3722 nunc
1040 3669 1090 3720 isto
1104 3669 1139 3717 3¹

62 3747 89 3794 et
98 3747 132 3794 ut
142 3744 195 3795 uid.
204 3741 249 3804 D,
263 3754 382 3792 *senune
393 3739 444 3791 isto
457 3739 499 3802 D¹,
512 3753 579 3790 nunc
592 3739 655 3791 sisto
668 3739 693 3788 D
707 3776 713 3802 ‚
727 3752 794 3790 nunc
803 3738 845 3790 hic
855 3738 891 3790 B’
942 3738 1039 3790 laterna
1052 3736 1139 3786 BD²D

61 3813 112 3864 491
127 3809 205 3863 modo
220 3808 348 3878 copam]
360 3808 438 3859 homo
450 3806 539 3867 modo;
553 3805 588 3869 cf.
598 3806 694 3858 bocas.
704 3822 795 3859 comm.
807 3823 879 3875 pror.
890 3807 911 3872 1,
922 3806 937 3858 7
989 3807 1038 3858 498
1058 3804 1138 3866 [mihi]

65 3877 237 3932 camerariam
249 3882 313 3944 post
330 3875 419 3943 dolent
512 3877 561 3928 499
580 3890 629 3943 ego
647 3875 725 3942 igitur
742 3875 767 3924 D
859 3878 889 3927 ut
906 3874 957 3924 DD
1045 3872 1071 3921 in
1089 3871 1140 3923 dol.

61 3947 235 4000 Abrahamua
252 3950 284 3999 rt.
301 3945 341 4000 Pl.
359 3943 410 3997 199

902 4026 935 4078 2*
