<?xml version="1.0" encoding="UTF-8"?>
<!DOCTYPE html PUBLIC "-//W3C//DTD XHTML 1.0 Transitional//EN"
    "http://www.w3.org/TR/xhtml1/DTD/xhtml1-transitional.dtd">
<html xmlns="http://www.w3.org/1999/xhtml" xml:lang="en" lang="en">
 <head>
  <title>
</title>
<meta http-equiv="Content-Type" content="text/html;charset=utf-8" />
  <meta name='ocr-system' content='tesseract 3.04.00' />
  <meta name='ocr-capabilities' content='ocr_page ocr_carea ocr_par ocr_line ocrx_word'/>
</head>
<body>
  <div class='ocr_page' id='page_1' title='image "./tmacciplauticom01leogoog_0154.png"; bbox 0 0 2544 4364; ppageno 0'>
   <div class='ocr_carea' id='block_1_1' title="bbox 104 175 1175 245">
    <p class='ocr_par' dir='ltr' id='par_1_1' title="bbox 104 175 1175 245">
     <span class='ocr_line' id='line_1_1' title="bbox 104 175 1175 245; baseline 0.004 -11"><span class='ocrx_word' id='word_1_1' title='bbox 104 192 267 245; x_wconf 57' lang='lat' dir='ltr'><strong>irata-omo</strong></span> <span class='ocrx_word' id='word_1_2' title='bbox 548 175 725 229; x_wconf 78' lang='lat' dir='ltr'><strong>thGllleS</strong></span> <span class='ocrx_word' id='word_1_3' title='bbox 1116 179 1175 238; x_wconf 90' lang='grc'><strong>139</strong></span> 
     </span>
    </p>
   </div>
   <div class='ocr_carea' id='block_1_2' title="bbox 89 346 1176 1531">
    <p class='ocr_par' dir='ltr' id='par_1_2' title="bbox 89 346 1175 599">
     <span class='ocr_line' id='line_1_2' title="bbox 105 346 1175 430; baseline 0 -18"><span class='ocrx_word' id='word_1_4' title='bbox 105 350 208 412; x_wconf 84' lang='lat' dir='ltr'><strong>Cnnxs.</strong></span> <span class='ocrx_word' id='word_1_5' title='bbox 237 349 333 428; x_wconf 75' lang='lat' dir='ltr'><strong>Atque</strong></span> <span class='ocrx_word' id='word_1_6' title='bbox 350 355 385 409; x_wconf 85' lang='lat' dir='ltr'><strong>eb</strong></span> <span class='ocrx_word' id='word_1_7' title='bbox 400 350 524 409; x_wconf 83' lang='lat' dir='ltr'><strong>sortasse</strong></span> <span class='ocrx_word' id='word_1_8' title='bbox 539 348 596 408; x_wconf 79' lang='lat' dir='ltr'><strong>itm</strong></span> <span class='ocrx_word' id='word_1_9' title='bbox 613 346 721 425; x_wconf 80' lang='lat' dir='ltr'><strong>opust?</strong></span> <span class='ocrx_word' id='word_1_10' title='bbox 764 348 840 411; x_wconf 85' lang='lat' dir='ltr'><strong>szr.</strong></span> <span class='ocrx_word' id='word_1_11' title='bbox 867 349 959 411; x_wconf 92' lang='lat' dir='ltr'><strong>lmmo</strong></span> <span class='ocrx_word' id='word_1_12' title='bbox 976 350 1061 411; x_wconf 87' lang='lat' dir='ltr'><strong>etiam</strong></span> <span class='ocrx_word' id='word_1_13' title='bbox 1078 349 1175 430; x_wconf 91' lang='lat' dir='ltr'><strong>prius:</strong></span> 
     </span>
     <span class='ocr_line' id='line_1_3' title="bbox 89 432 1086 514; baseline -0.001 -19"><span class='ocrx_word' id='word_1_14' title='bbox 89 454 174 512; x_wconf 89' lang='lat' dir='ltr'><strong>nam</strong></span> <span class='ocrx_word' id='word_1_15' title='bbox 196 435 253 495; x_wconf 92' lang='lat' dir='ltr'><strong>iam</strong></span> <span class='ocrx_word' id='word_1_16' title='bbox 275 434 334 495; x_wconf 93' lang='lat' dir='ltr'><strong>hnc</strong></span> <span class='ocrx_word' id='word_1_17' title='bbox 355 433 490 495; x_wconf 79' lang='lat' dir='ltr'>adveniet</span> <span class='ocrx_word' id='word_1_18' title='bbox 510 433 603 494; x_wconf 89' lang='lat' dir='ltr'><strong>miles.</strong></span> <span class='ocrx_word' id='word_1_19' title='bbox 648 432 749 494; x_wconf 78' lang='lat' dir='ltr'><strong>Canus.</strong></span> <span class='ocrx_word' id='word_1_20' title='bbox 779 434 818 496; x_wconf 92' lang='lat' dir='ltr'><strong>Et</strong></span> <span class='ocrx_word' id='word_1_21' title='bbox 838 434 922 496; x_wconf 92' lang='lat' dir='ltr'><strong>miles</strong></span> <span class='ocrx_word' id='word_1_22' title='bbox 945 432 1086 514; x_wconf 83' lang='lat' dir='ltr'><strong>quidem?</strong></span> 
     </span>
     <span class='ocr_line' id='line_1_4' title="bbox 103 517 1006 599; baseline 0.001 -19"><span class='ocrx_word' id='word_1_23' title='bbox 103 520 182 582; x_wconf 85' lang='lat' dir='ltr'><strong>Prsr.</strong></span> <span class='ocrx_word' id='word_1_24' title='bbox 214 519 271 590; x_wconf 82' lang='lat' dir='ltr'><strong>uui</strong></span> <span class='ocrx_word' id='word_1_25' title='bbox 294 520 330 580; x_wconf 89' lang='lat' dir='ltr'><strong>de</strong></span> <span class='ocrx_word' id='word_1_26' title='bbox 352 517 511 580; x_wconf 88' lang='lat' dir='ltr'><strong>amittenda</strong></span> <span class='ocrx_word' id='word_1_27' title='bbox 534 517 678 579; x_wconf 83' lang='lat' dir='ltr'><strong>Bacchide</strong></span> <span class='ocrx_word' id='word_1_28' title='bbox 701 536 806 578; x_wconf 84' lang='lat' dir='ltr'><strong>aurum</strong></span> <span class='ocrx_word' id='word_1_29' title='bbox 829 519 877 580; x_wconf 90' lang='lat' dir='ltr'><strong>hic</strong></span> <span class='ocrx_word' id='word_1_30' title='bbox 900 519 1006 599; x_wconf 84' lang='lat' dir='ltr'><strong>exiget.</strong></span> 
     </span>
    </p>

    <p class='ocr_par' dir='ltr' id='par_1_3' title="bbox 102 603 1176 853">
     <span class='ocr_line' id='line_1_5' title="bbox 104 603 1091 682; baseline -0.003 -15"><span class='ocrx_word' id='word_1_31' title='bbox 104 605 206 667; x_wconf 83' lang='lat' dir='ltr'><strong>Cnnxs.</strong></span> <span class='ocrx_word' id='word_1_32' title='bbox 236 603 361 675; x_wconf 80' lang='lat' dir='ltr'><strong>Quando</strong></span> <span class='ocrx_word' id='word_1_33' title='bbox 383 603 444 664; x_wconf 87' lang='lat' dir='ltr'><strong>volt</strong></span> <span class='ocrx_word' id='word_1_34' title='bbox 465 604 572 678; x_wconf 87' lang='lat' dir='ltr'><strong>veniat,</strong></span> <span class='ocrx_word' id='word_1_35' title='bbox 596 612 684 682; x_wconf 88' lang='lat' dir='ltr'><strong>atque</strong></span> <span class='ocrx_word' id='word_1_36' title='bbox 706 603 746 664; x_wconf 91' lang='lat' dir='ltr'><strong>ita</strong></span> <span class='ocrx_word' id='word_1_37' title='bbox 768 622 806 664; x_wconf 92' lang='lat' dir='ltr'><strong>ne</strong></span> <span class='ocrx_word' id='word_1_38' title='bbox 829 604 899 664; x_wconf 91' lang='lat' dir='ltr'><strong>mihi</strong></span> <span class='ocrx_word' id='word_1_39' title='bbox 922 605 960 666; x_wconf 94' lang='lat' dir='ltr'><strong>sit</strong></span> <span class='ocrx_word' id='word_1_40' title='bbox 982 622 1091 666; x_wconf 89' lang='lat' dir='ltr'><strong>morae.</strong></span> 
     </span>
     <span class='ocr_line' id='line_1_6' title="bbox 102 683 1176 771; baseline 0 -21"><span class='ocrx_word' id='word_1_41' title='bbox 102 691 222 752; x_wconf 87' lang='lat' dir='ltr'>domist:</span> <span class='ocrx_word' id='word_1_42' title='bbox 247 707 307 749; x_wconf 93' lang='lat' dir='ltr'><strong>non</strong></span> <span class='ocrx_word' id='word_1_43' title='bbox 332 698 440 762; x_wconf 90' lang='lat' dir='ltr'><strong>metuo,</strong></span> <span class='ocrx_word' id='word_1_44' title='bbox 464 707 519 749; x_wconf 92' lang='lat' dir='ltr'><strong>nec</strong></span> <span class='ocrx_word' id='word_1_45' title='bbox 543 683 621 771; x_wconf 80' lang='lat' dir='ltr'><strong>[ego]</strong></span> <span class='ocrx_word' id='word_1_46' title='bbox 646 687 806 767; x_wconf 86' lang='lat' dir='ltr'><strong>quoiquam</strong></span> <span class='ocrx_word' id='word_1_47' title='bbox 827 689 973 769; x_wconf 92' lang='lat' dir='ltr'><strong>supplico,</strong></span> <span class='ocrx_word' id='word_1_48' title='bbox 1134 699 1176 750; x_wconf 81' lang='grc'><strong>225</strong></span> 
     </span>
     <span class='ocr_line' id='line_1_7' title="bbox 103 772 922 853; baseline -0.001 -18"><span class='ocrx_word' id='word_1_49' title='bbox 103 775 174 836; x_wconf 92' lang='lat' dir='ltr'><strong>dum</strong></span> <span class='ocrx_word' id='word_1_50' title='bbox 197 774 316 853; x_wconf 87' lang='lat' dir='ltr'><strong>quidem</strong></span> <span class='ocrx_word' id='word_1_51' title='bbox 336 774 393 835; x_wconf 92' lang='lat' dir='ltr'><strong>hoc</strong></span> <span class='ocrx_word' id='word_1_52' title='bbox 415 772 522 833; x_wconf 80' lang='lat' dir='ltr'>valebit</span> <span class='ocrx_word' id='word_1_53' title='bbox 543 783 646 852; x_wconf 88' lang='lat' dir='ltr'><strong>pectus</strong></span> <span class='ocrx_word' id='word_1_54' title='bbox 669 773 791 852; x_wconf 86' lang='lat' dir='ltr'><strong>perfidia</strong></span> <span class='ocrx_word' id='word_1_55' title='bbox 814 792 922 834; x_wconf 92' lang='lat' dir='ltr'><strong>meum.</strong></span> 
     </span>
    </p>

    <p class='ocr_par' dir='ltr' id='par_1_4' title="bbox 102 857 827 938">
     <span class='ocr_line' id='line_1_8' title="bbox 102 857 827 938; baseline -0.001 -18"><span class='ocrx_word' id='word_1_56' title='bbox 102 859 150 920; x_wconf 91' lang='lat' dir='ltr'><strong>abi</strong></span> <span class='ocrx_word' id='word_1_57' title='bbox 172 860 261 934; x_wconf 92' lang='lat' dir='ltr'><strong>intro,</strong></span> <span class='ocrx_word' id='word_1_58' title='bbox 285 877 339 938; x_wconf 83' lang='lat' dir='ltr'><strong>ego</strong></span> <span class='ocrx_word' id='word_1_59' title='bbox 362 859 410 919; x_wconf 92' lang='lat' dir='ltr'><strong>hic</strong></span> <span class='ocrx_word' id='word_1_60' title='bbox 433 857 553 919; x_wconf 87' lang='lat' dir='ltr'><strong>curabo.</strong></span> <span class='ocrx_word' id='word_1_61' title='bbox 583 867 615 919; x_wconf 91' lang='lat' dir='ltr'><strong>tu</strong></span> <span class='ocrx_word' id='word_1_62' title='bbox 637 858 717 920; x_wconf 91' lang='lat' dir='ltr'><strong>intus</strong></span> <span class='ocrx_word' id='word_1_63' title='bbox 739 857 827 919; x_wconf 80' lang='lat' dir='ltr'><strong>dicito</strong></span> 
     </span>
    </p>

    <p class='ocr_par' dir='ltr' id='par_1_5' title="bbox 101 942 1106 1108">
     <span class='ocr_line' id='line_1_9' title="bbox 101 942 1106 1006; baseline 0.001 -1"><span class='ocrx_word' id='word_1_64' title='bbox 101 944 316 1006; x_wconf 85' lang='lat' dir='ltr'><strong>Mnesilochum</strong></span> <span class='ocrx_word' id='word_1_65' title='bbox 338 943 439 1004; x_wconf 79' lang='lat' dir='ltr'><strong>adesse</strong></span> <span class='ocrx_word' id='word_1_66' title='bbox 461 942 608 1003; x_wconf 79' lang='lat' dir='ltr'><strong>Bacchidi.</strong></span> <span class='ocrx_word' id='word_1_67' title='bbox 652 943 729 1005; x_wconf 87' lang='lat' dir='ltr'><strong>Prsr.</strong></span> <span class='ocrx_word' id='word_1_68' title='bbox 760 943 878 1004; x_wconf 86' lang='lat' dir='ltr'><strong>Faciam</strong></span> <span class='ocrx_word' id='word_1_69' title='bbox 900 952 933 1005; x_wconf 96' lang='lat' dir='ltr'><strong>ut</strong></span> <span class='ocrx_word' id='word_1_70' title='bbox 954 943 1047 1006; x_wconf 88' lang='lat' dir='ltr'><strong>iubes.</strong></span> <span class='ocrx_word' id='word_1_71' title='bbox 1063 978 1106 988; x_wconf 98' lang='lat'>—</span> 
     </span>
     <span class='ocr_line' id='line_1_10' title="bbox 102 1027 913 1108; baseline -0.004 -17"><span class='ocrx_word' id='word_1_72' title='bbox 102 1029 204 1091; x_wconf 84' lang='lat' dir='ltr'><strong>Cnnrs.</strong></span> <span class='ocrx_word' id='word_1_73' title='bbox 234 1028 391 1108; x_wconf 83' lang='lat' dir='ltr'><strong>Negotium</strong></span> <span class='ocrx_word' id='word_1_74' title='bbox 413 1028 470 1088; x_wconf 92' lang='lat' dir='ltr'><strong>hoc</strong></span> <span class='ocrx_word' id='word_1_75' title='bbox 493 1027 527 1087; x_wconf 92' lang='lat' dir='ltr'><strong>ad</strong></span> <span class='ocrx_word' id='word_1_76' title='bbox 551 1046 598 1087; x_wconf 94' lang='lat' dir='ltr'><strong>me</strong></span> <span class='ocrx_word' id='word_1_77' title='bbox 620 1027 733 1089; x_wconf 89' lang='lat' dir='ltr'><strong>adtinet</strong></span> <span class='ocrx_word' id='word_1_78' title='bbox 755 1029 913 1090; x_wconf 91' lang='lat' dir='ltr'><strong>aurarium.</strong></span> 
     </span>
    </p>

    <p class='ocr_par' dir='ltr' id='par_1_6' title="bbox 100 1112 1175 1278">
     <span class='ocr_line' id='line_1_11' title="bbox 100 1112 1175 1192; baseline 0.001 -19"><span class='ocrx_word' id='word_1_79' title='bbox 100 1115 180 1175; x_wconf 91' lang='lat' dir='ltr'><strong>mille</strong></span> <span class='ocrx_word' id='word_1_80' title='bbox 202 1123 232 1175; x_wconf 93' lang='lat' dir='ltr'><strong>et</strong></span> <span class='ocrx_word' id='word_1_81' title='bbox 253 1113 398 1174; x_wconf 91' lang='lat' dir='ltr'><strong>ducentos</strong></span> <span class='ocrx_word' id='word_1_82' title='bbox 419 1112 589 1192; x_wconf 88' lang='lat' dir='ltr'><strong>Philippum</strong></span> <span class='ocrx_word' id='word_1_83' title='bbox 612 1113 762 1174; x_wconf 88' lang='lat' dir='ltr'><strong>attulimus</strong></span> <span class='ocrx_word' id='word_1_84' title='bbox 784 1132 890 1176; x_wconf 88' lang='lat' dir='ltr'><strong>aureos</strong></span> <span class='ocrx_word' id='word_1_85' title='bbox 1132 1123 1175 1174; x_wconf 73' lang='lat'><strong>230</strong></span> 
     </span>
     <span class='ocr_line' id='line_1_12' title="bbox 101 1196 802 1278; baseline 0.001 -20"><span class='ocrx_word' id='word_1_86' title='bbox 101 1198 228 1278; x_wconf 88' lang='lat' dir='ltr'><strong>Epheso,</strong></span> <span class='ocrx_word' id='word_1_87' title='bbox 252 1216 327 1277; x_wconf 91' lang='lat' dir='ltr'><strong>quos</strong></span> <span class='ocrx_word' id='word_1_88' title='bbox 349 1198 457 1275; x_wconf 91' lang='lat' dir='ltr'><strong>hospes</strong></span> <span class='ocrx_word' id='word_1_89' title='bbox 480 1196 581 1258; x_wconf 86' lang='lat' dir='ltr'><strong>debuit</strong></span> <span class='ocrx_word' id='word_1_90' title='bbox 603 1206 705 1259; x_wconf 92' lang='lat' dir='ltr'><strong>nostro</strong></span> <span class='ocrx_word' id='word_1_91' title='bbox 728 1198 802 1259; x_wconf 89' lang='lat' dir='ltr'><strong>soni.</strong></span> 
     </span>
    </p>

    <p class='ocr_par' dir='ltr' id='par_1_7' title="bbox 101 1281 916 1361">
     <span class='ocr_line' id='line_1_13' title="bbox 101 1281 916 1361; baseline 0 -19"><span class='ocrx_word' id='word_1_92' title='bbox 101 1283 171 1344; x_wconf 90' lang='lat' dir='ltr'><strong>inde</strong></span> <span class='ocrx_word' id='word_1_93' title='bbox 194 1301 247 1361; x_wconf 87' lang='lat' dir='ltr'><strong>ego</strong></span> <span class='ocrx_word' id='word_1_94' title='bbox 270 1281 357 1343; x_wconf 91' lang='lat' dir='ltr'><strong>hodie</strong></span> <span class='ocrx_word' id='word_1_95' title='bbox 380 1281 507 1360; x_wconf 90' lang='lat' dir='ltr'><strong>aliquam</strong></span> <span class='ocrx_word' id='word_1_96' title='bbox 530 1282 723 1343; x_wconf 92' lang='lat' dir='ltr'><strong>machinabor</strong></span> <span class='ocrx_word' id='word_1_97' title='bbox 741 1284 916 1355; x_wconf 91' lang='lat' dir='ltr'><strong>machinam,</strong></span> 
     </span>
    </p>

    <p class='ocr_par' dir='ltr' id='par_1_8' title="bbox 100 1366 766 1429">
     <span class='ocr_line' id='line_1_14' title="bbox 100 1366 766 1429; baseline -0.005 0"><span class='ocrx_word' id='word_1_98' title='bbox 100 1369 180 1429; x_wconf 88' lang='lat' dir='ltr'><strong>unde</strong></span> <span class='ocrx_word' id='word_1_99' title='bbox 203 1385 308 1429; x_wconf 92' lang='lat' dir='ltr'><strong>aurum</strong></span> <span class='ocrx_word' id='word_1_100' title='bbox 330 1367 455 1427; x_wconf 88' lang='lat' dir='ltr'><strong>efficiam</strong></span> <span class='ocrx_word' id='word_1_101' title='bbox 478 1367 588 1427; x_wconf 92' lang='lat' dir='ltr'><strong>amanti</strong></span> <span class='ocrx_word' id='word_1_102' title='bbox 610 1367 674 1427; x_wconf 91' lang='lat' dir='ltr'><strong>erili</strong></span> <span class='ocrx_word' id='word_1_103' title='bbox 697 1366 766 1428; x_wconf 88' lang='lat' dir='ltr'><strong>lilio.</strong></span> 
     </span>
    </p>

    <p class='ocr_par' dir='ltr' id='par_1_9' title="bbox 99 1448 927 1531">
     <span class='ocr_line' id='line_1_15' title="bbox 99 1448 927 1531; baseline -0.005 -17"><span class='ocrx_word' id='word_1_104' title='bbox 99 1454 151 1514; x_wconf 88' lang='lat' dir='ltr'><strong>sed</strong></span> <span class='ocrx_word' id='word_1_105' title='bbox 173 1452 245 1514; x_wconf 84' lang='lat' dir='ltr'><strong>foris</strong></span> <span class='ocrx_word' id='word_1_106' title='bbox 267 1452 443 1531; x_wconf 88' lang='lat' dir='ltr'><strong>concrepuit</strong></span> <span class='ocrx_word' id='word_1_107' title='bbox 464 1461 581 1513; x_wconf 86' lang='lat' dir='ltr'><strong>nostra:</strong></span> <span class='ocrx_word' id='word_1_108' title='bbox 604 1452 726 1530; x_wconf 92' lang='lat' dir='ltr'><strong>quinam</strong></span> <span class='ocrx_word' id='word_1_109' title='bbox 748 1452 808 1512; x_wconf 88' lang='lat' dir='ltr'><strong>exit</strong></span> <span class='ocrx_word' id='word_1_110' title='bbox 829 1448 927 1512; x_wconf 82' lang='lat' dir='ltr'><strong>foras?</strong></span> 
     </span>
    </p>
   </div>
   <div class='ocr_carea' id='block_1_3' title="bbox 357 1623 1173 1718">
    <p class='ocr_par' dir='ltr' id='par_1_10' title="bbox 357 1623 1173 1718">
     <span class='ocr_line' id='line_1_16' title="bbox 357 1623 1173 1718; baseline 0.004 -3"><span class='ocrx_word' id='word_1_111' title='bbox 357 1623 613 1717; x_wconf 79' lang='lat' dir='ltr'><strong>uxconvevs</strong></span> <span class='ocrx_word' id='word_1_112' title='bbox 658 1655 926 1717; x_wconf 79' lang='lat' dir='ltr'><strong>onnrslevs</strong></span> <span class='ocrx_word' id='word_1_113' title='bbox 1112 1654 1173 1718; x_wconf 84' lang='lat'><strong>113</strong></span> 
     </span>
    </p>
   </div>
   <div class='ocr_carea' id='block_1_4' title="bbox 97 1772 1174 3125">
    <p class='ocr_par' dir='ltr' id='par_1_11' title="bbox 98 1772 1174 1938">
     <span class='ocr_line' id='line_1_17' title="bbox 99 1772 1174 1853; baseline 0.002 -21"><span class='ocrx_word' id='word_1_114' title='bbox 99 1772 163 1832; x_wconf 87' lang='lat' dir='ltr'><strong>Nm.</strong></span> <span class='ocrx_word' id='word_1_115' title='bbox 193 1772 245 1835; x_wconf 94' lang='lat' dir='ltr'><strong>lho</strong></span> <span class='ocrx_word' id='word_1_116' title='bbox 268 1773 298 1834; x_wconf 94' lang='lat' dir='ltr'><strong>in</strong></span> <span class='ocrx_word' id='word_1_117' title='bbox 321 1773 467 1847; x_wconf 89' lang='lat' dir='ltr'><strong>Piraeum,</strong></span> <span class='ocrx_word' id='word_1_118' title='bbox 490 1773 580 1835; x_wconf 88' lang='lat' dir='ltr'><strong>visam</strong></span> <span class='ocrx_word' id='word_1_119' title='bbox 603 1792 713 1853; x_wconf 89' lang='lat' dir='ltr'><strong>ecquae</strong></span> <span class='ocrx_word' id='word_1_120' title='bbox 735 1774 887 1836; x_wconf 88' lang='lat' dir='ltr'><strong>advenerit</strong></span> <span class='ocrx_word' id='word_1_121' title='bbox 1131 1783 1174 1834; x_wconf 76' lang='lat'><strong>235</strong></span> 
     </span>
     <span class='ocr_line' id='line_1_18' title="bbox 98 1857 779 1938; baseline 0.004 -22"><span class='ocrx_word' id='word_1_122' title='bbox 98 1857 129 1917; x_wconf 94' lang='lat' dir='ltr'><strong>in</strong></span> <span class='ocrx_word' id='word_1_123' title='bbox 152 1866 271 1937; x_wconf 89' lang='lat' dir='ltr'><strong>portum</strong></span> <span class='ocrx_word' id='word_1_124' title='bbox 296 1877 331 1918; x_wconf 89' lang='lat' dir='ltr'><strong>ex</strong></span> <span class='ocrx_word' id='word_1_125' title='bbox 353 1858 470 1938; x_wconf 88' lang='lat' dir='ltr'><strong>Epheso</strong></span> <span class='ocrx_word' id='word_1_126' title='bbox 494 1858 575 1919; x_wconf 89' lang='lat' dir='ltr'><strong>navis</strong></span> <span class='ocrx_word' id='word_1_127' title='bbox 595 1860 779 1919; x_wconf 87' lang='lat' dir='ltr'><strong>mercatoria.</strong></span> 
     </span>
    </p>

    <p class='ocr_par' dir='ltr' id='par_1_12' title="bbox 100 1942 895 2016">
     <span class='ocr_line' id='line_1_19' title="bbox 100 1942 895 2016; baseline 0.005 -16"><span class='ocrx_word' id='word_1_128' title='bbox 100 1959 168 2001; x_wconf 92' lang='lat' dir='ltr'><strong>nam</strong></span> <span class='ocrx_word' id='word_1_129' title='bbox 189 1961 275 2005; x_wconf 91' lang='lat' dir='ltr'><strong>meus</strong></span> <span class='ocrx_word' id='word_1_130' title='bbox 296 1943 433 2004; x_wconf 80' lang='lat' dir='ltr'><strong>formidat</strong></span> <span class='ocrx_word' id='word_1_131' title='bbox 455 1943 580 2016; x_wconf 90' lang='lat' dir='ltr'><strong>animus,</strong></span> <span class='ocrx_word' id='word_1_132' title='bbox 603 1953 741 2005; x_wconf 90' lang='lat' dir='ltr'><strong>nostrum</strong></span> <span class='ocrx_word' id='word_1_133' title='bbox 763 1952 821 2005; x_wconf 89' lang='lat' dir='ltr'><strong>tam</strong></span> <span class='ocrx_word' id='word_1_134' title='bbox 845 1942 895 2005; x_wconf 92' lang='lat' dir='ltr'><strong>diu</strong></span> 
     </span>
    </p>

    <p class='ocr_par' dir='ltr' id='par_1_13' title="bbox 98 2026 658 2108">
     <span class='ocr_line' id='line_1_20' title="bbox 98 2026 658 2108; baseline 0.004 -22"><span class='ocrx_word' id='word_1_135' title='bbox 98 2026 138 2087; x_wconf 92' lang='lat' dir='ltr'><strong>ibi</strong></span> <span class='ocrx_word' id='word_1_136' title='bbox 162 2027 294 2089; x_wconf 86' lang='lat' dir='ltr'><strong>desidere</strong></span> <span class='ocrx_word' id='word_1_137' title='bbox 319 2047 415 2108; x_wconf 88' lang='lat' dir='ltr'><strong>neque</strong></span> <span class='ocrx_word' id='word_1_138' title='bbox 436 2027 532 2089; x_wconf 84' lang='lat' dir='ltr'><strong>redire</strong></span> <span class='ocrx_word' id='word_1_139' title='bbox 555 2028 658 2089; x_wconf 85' lang='lat' dir='ltr'><strong>lilium.</strong></span> 
     </span>
    </p>

    <p class='ocr_par' dir='ltr' id='par_1_14' title="bbox 100 2110 1003 2193">
     <span class='ocr_line' id='line_1_21' title="bbox 100 2110 1003 2193; baseline 0.002 -21"><span class='ocrx_word' id='word_1_140' title='bbox 100 2110 201 2173; x_wconf 78' lang='lat' dir='ltr'><strong>Canis.</strong></span> <span class='ocrx_word' id='word_1_141' title='bbox 231 2112 371 2173; x_wconf 84' lang='lat' dir='ltr'><strong>Extexam</strong></span> <span class='ocrx_word' id='word_1_142' title='bbox 396 2131 450 2192; x_wconf 83' lang='lat' dir='ltr'><strong>ego</strong></span> <span class='ocrx_word' id='word_1_143' title='bbox 473 2113 555 2174; x_wconf 94' lang='lat' dir='ltr'><strong>illum</strong></span> <span class='ocrx_word' id='word_1_144' title='bbox 578 2113 680 2193; x_wconf 90' lang='lat' dir='ltr'><strong>pulcre</strong></span> <span class='ocrx_word' id='word_1_145' title='bbox 702 2114 769 2188; x_wconf 85' lang='lat' dir='ltr'><strong>iam,</strong></span> <span class='ocrx_word' id='word_1_146' title='bbox 792 2113 817 2175; x_wconf 92' lang='lat' dir='ltr'><strong>si</strong></span> <span class='ocrx_word' id='word_1_147' title='bbox 840 2112 869 2173; x_wconf 93' lang='lat' dir='ltr'><strong>di</strong></span> <span class='ocrx_word' id='word_1_148' title='bbox 891 2113 1003 2175; x_wconf 91' lang='lat' dir='ltr'><strong>volunt.</strong></span> 
     </span>
    </p>

    <p class='ocr_par' dir='ltr' id='par_1_15' title="bbox 97 2196 1174 2445">
     <span class='ocr_line' id='line_1_22' title="bbox 98 2196 1174 2279; baseline 0.004 -24"><span class='ocrx_word' id='word_1_149' title='bbox 98 2196 175 2256; x_wconf 91' lang='lat' dir='ltr'><strong>haud</strong></span> <span class='ocrx_word' id='word_1_150' title='bbox 198 2196 458 2260; x_wconf 89' lang='lat' dir='ltr'><strong>dormitandumst:</strong></span> <span class='ocrx_word' id='word_1_151' title='bbox 484 2218 559 2279; x_wconf 90' lang='lat' dir='ltr'><strong>opus</strong></span> <span class='ocrx_word' id='word_1_152' title='bbox 582 2208 626 2260; x_wconf 89' lang='lat' dir='ltr'><strong>est</strong></span> <span class='ocrx_word' id='word_1_153' title='bbox 648 2200 755 2278; x_wconf 83' lang='lat' dir='ltr'><strong>chryso</strong></span> <span class='ocrx_word' id='word_1_154' title='bbox 778 2198 926 2278; x_wconf 78' lang='lat' dir='ltr'><strong>Chrysalo.</strong></span> <span class='ocrx_word' id='word_1_155' title='bbox 1131 2209 1174 2259; x_wconf 82' lang='grc'><strong>240</strong></span> 
     </span>
     <span class='ocr_line' id='line_1_23' title="bbox 98 2281 1075 2362; baseline 0.003 -23"><span class='ocrx_word' id='word_1_156' title='bbox 98 2281 184 2341; x_wconf 90' lang='lat' dir='ltr'><strong>adibo</strong></span> <span class='ocrx_word' id='word_1_157' title='bbox 206 2282 296 2356; x_wconf 91' lang='lat' dir='ltr'><strong>hunc,</strong></span> <span class='ocrx_word' id='word_1_158' title='bbox 320 2301 407 2362; x_wconf 84' lang='lat' dir='ltr'><strong>quern</strong></span> <span class='ocrx_word' id='word_1_159' title='bbox 430 2283 550 2360; x_wconf 87' lang='lat' dir='ltr'><strong>quidem</strong></span> <span class='ocrx_word' id='word_1_160' title='bbox 572 2301 627 2361; x_wconf 85' lang='lat' dir='ltr'><strong>ego</strong></span> <span class='ocrx_word' id='word_1_161' title='bbox 649 2283 736 2343; x_wconf 91' lang='lat' dir='ltr'><strong>hodie</strong></span> <span class='ocrx_word' id='word_1_162' title='bbox 758 2284 862 2343; x_wconf 80' lang='lat' dir='ltr'><strong>faciam</strong></span> <span class='ocrx_word' id='word_1_163' title='bbox 884 2283 932 2343; x_wconf 92' lang='lat' dir='ltr'><strong>hic</strong></span> <span class='ocrx_word' id='word_1_164' title='bbox 955 2282 1075 2344; x_wconf 85' lang='lat' dir='ltr'><strong>arietem</strong></span> 
     </span>
     <span class='ocr_line' id='line_1_24' title="bbox 97 2364 1041 2445; baseline 0.002 -21"><span class='ocrx_word' id='word_1_165' title='bbox 97 2365 210 2439; x_wconf 85' lang='lat' dir='ltr'><strong>Phrixi,</strong></span> <span class='ocrx_word' id='word_1_166' title='bbox 232 2367 272 2427; x_wconf 91' lang='lat' dir='ltr'><strong>ita</strong></span> <span class='ocrx_word' id='word_1_167' title='bbox 294 2364 463 2428; x_wconf 88' lang='lat' dir='ltr'><strong>detondeho</strong></span> <span class='ocrx_word' id='word_1_168' title='bbox 486 2386 558 2428; x_wconf 92' lang='lat' dir='ltr'><strong>auro</strong></span> <span class='ocrx_word' id='word_1_169' title='bbox 580 2385 674 2445; x_wconf 88' lang='lat' dir='ltr'><strong>usque</strong></span> <span class='ocrx_word' id='word_1_170' title='bbox 697 2367 732 2427; x_wconf 89' lang='lat' dir='ltr'><strong>ad</strong></span> <span class='ocrx_word' id='word_1_171' title='bbox 754 2367 848 2427; x_wconf 87' lang='lat' dir='ltr'><strong>vivam</strong></span> <span class='ocrx_word' id='word_1_172' title='bbox 870 2377 977 2428; x_wconf 89' lang='lat' dir='ltr'><strong>cutem.</strong></span> <span class='ocrx_word' id='word_1_173' title='bbox 1000 2401 1041 2412; x_wconf 91' lang='lat'>-</span> 
     </span>
    </p>

    <p class='ocr_par' dir='ltr' id='par_1_16' title="bbox 97 2449 711 2531">
     <span class='ocr_line' id='line_1_25' title="bbox 97 2449 711 2531; baseline -0.002 -20"><span class='ocrx_word' id='word_1_174' title='bbox 97 2468 199 2511; x_wconf 85' lang='lat' dir='ltr'><strong>servos</strong></span> <span class='ocrx_word' id='word_1_175' title='bbox 220 2450 325 2511; x_wconf 90' lang='lat' dir='ltr'><strong>salutat</strong></span> <span class='ocrx_word' id='word_1_176' title='bbox 346 2449 523 2512; x_wconf 84' lang='lat' dir='ltr'><strong>Nicobulum</strong></span> <span class='ocrx_word' id='word_1_177' title='bbox 546 2451 711 2531; x_wconf 80' lang='lat' dir='ltr'><strong>Chrysalus.</strong></span> 
     </span>
    </p>

    <p class='ocr_par' dir='ltr' id='par_1_17' title="bbox 98 2533 957 2616">
     <span class='ocr_line' id='line_1_26' title="bbox 98 2533 957 2616; baseline 0.001 -21"><span class='ocrx_word' id='word_1_178' title='bbox 98 2534 160 2595; x_wconf 78' lang='lat' dir='ltr'><strong>Nic.</strong></span> <span class='ocrx_word' id='word_1_179' title='bbox 191 2535 249 2596; x_wconf 92' lang='lat' dir='ltr'><strong>Pro</strong></span> <span class='ocrx_word' id='word_1_180' title='bbox 271 2534 300 2595; x_wconf 93' lang='lat' dir='ltr'><strong>di</strong></span> <span class='ocrx_word' id='word_1_181' title='bbox 322 2535 503 2610; x_wconf 88' lang='lat' dir='ltr'><strong>inmortales,</strong></span> <span class='ocrx_word' id='word_1_182' title='bbox 526 2535 673 2616; x_wconf 79' lang='lat' dir='ltr'><strong>Chrysalo,</strong></span> <span class='ocrx_word' id='word_1_183' title='bbox 696 2535 747 2597; x_wconf 95' lang='lat' dir='ltr'><strong>ubi</strong></span> <span class='ocrx_word' id='word_1_184' title='bbox 768 2534 836 2595; x_wconf 91' lang='lat' dir='ltr'><strong>mist</strong></span> <span class='ocrx_word' id='word_1_185' title='bbox 857 2533 957 2596; x_wconf 82' lang='lat' dir='ltr'><strong>filius?</strong></span> 
     </span>
    </p>

    <p class='ocr_par' dir='ltr' id='par_1_18' title="bbox 97 2617 1172 2953">
     <span class='ocr_line' id='line_1_27' title="bbox 98 2617 1172 2700; baseline 0.002 -20"><span class='ocrx_word' id='word_1_186' title='bbox 98 2619 200 2680; x_wconf 85' lang='lat' dir='ltr'><strong>Cnnxs.</strong></span> <span class='ocrx_word' id='word_1_187' title='bbox 231 2619 308 2690; x_wconf 86' lang='lat' dir='ltr'><strong>Quin</strong></span> <span class='ocrx_word' id='word_1_188' title='bbox 332 2629 365 2682; x_wconf 91' lang='lat' dir='ltr'><strong>tu</strong></span> <span class='ocrx_word' id='word_1_189' title='bbox 387 2620 510 2682; x_wconf 88' lang='lat' dir='ltr'><strong>salutem</strong></span> <span class='ocrx_word' id='word_1_190' title='bbox 533 2621 661 2700; x_wconf 94' lang='lat' dir='ltr'><strong>primum</strong></span> <span class='ocrx_word' id='word_1_191' title='bbox 683 2618 780 2681; x_wconf 88' lang='lat' dir='ltr'><strong>reddis</strong></span> <span class='ocrx_word' id='word_1_192' title='bbox 803 2637 889 2698; x_wconf 87' lang='lat' dir='ltr'><strong>quam</strong></span> <span class='ocrx_word' id='word_1_193' title='bbox 913 2617 1001 2681; x_wconf 76' lang='lat' dir='ltr'><strong>dedii</strong></span> <span class='ocrx_word' id='word_1_194' title='bbox 1129 2631 1172 2682; x_wconf 83' lang='grc'><strong>245</strong></span> 
     </span>
     <span class='ocr_line' id='line_1_28' title="bbox 97 2702 1137 2780; baseline 0.001 -17"><span class='ocrx_word' id='word_1_195' title='bbox 97 2704 160 2764; x_wconf 91' lang='lat' dir='ltr'><strong>Nrc.</strong></span> <span class='ocrx_word' id='word_1_196' title='bbox 192 2704 284 2767; x_wconf 88' lang='lat' dir='ltr'><strong>Salve.</strong></span> <span class='ocrx_word' id='word_1_197' title='bbox 315 2706 364 2766; x_wconf 90' lang='lat' dir='ltr'><strong>sed</strong></span> <span class='ocrx_word' id='word_1_198' title='bbox 388 2704 537 2766; x_wconf 89' lang='lat' dir='ltr'><strong>ubinamst</strong></span> <span class='ocrx_word' id='word_1_199' title='bbox 558 2702 779 2766; x_wconf 79' lang='lat' dir='ltr'><strong>Mnesilochus?</strong></span> <span class='ocrx_word' id='word_1_200' title='bbox 816 2703 918 2766; x_wconf 86' lang='lat' dir='ltr'><strong>Cnnxs.</strong></span> <span class='ocrx_word' id='word_1_201' title='bbox 947 2704 1031 2780; x_wconf 88' lang='lat' dir='ltr'><strong>Vivit,</strong></span> <span class='ocrx_word' id='word_1_202' title='bbox 1053 2704 1137 2767; x_wconf 86' lang='lat' dir='ltr'><strong>valet.</strong></span> 
     </span>
     <span class='ocr_line' id='line_1_29' title="bbox 97 2787 1145 2869; baseline 0.001 -21"><span class='ocrx_word' id='word_1_203' title='bbox 97 2789 160 2849; x_wconf 82' lang='lat' dir='ltr'><strong>Nic.</strong></span> <span class='ocrx_word' id='word_1_204' title='bbox 191 2787 338 2850; x_wconf 79' lang='lat' dir='ltr'><strong>Venitne?</strong></span> <span class='ocrx_word' id='word_1_205' title='bbox 383 2789 485 2851; x_wconf 82' lang='lat' dir='ltr'><strong>Cnnxs.</strong></span> <span class='ocrx_word' id='word_1_206' title='bbox 514 2790 609 2851; x_wconf 87' lang='lat' dir='ltr'><strong>Venit.</strong></span> <span class='ocrx_word' id='word_1_207' title='bbox 653 2791 717 2851; x_wconf 85' lang='lat' dir='ltr'><strong>Nrc.</strong></span> <span class='ocrx_word' id='word_1_208' title='bbox 747 2789 839 2864; x_wconf 88' lang='lat' dir='ltr'><strong>Euax,</strong></span> <span class='ocrx_word' id='word_1_209' title='bbox 861 2789 1009 2868; x_wconf 88' lang='lat' dir='ltr'><strong>aspersisti</strong></span> <span class='ocrx_word' id='word_1_210' title='bbox 1031 2807 1145 2869; x_wconf 88' lang='lat' dir='ltr'><strong>aquam.</strong></span> 
     </span>
     <span class='ocr_line' id='line_1_30' title="bbox 97 2872 1088 2953; baseline 0.003 -19"><span class='ocrx_word' id='word_1_211' title='bbox 97 2874 214 2935; x_wconf 87' lang='lat' dir='ltr'><strong>benene</strong></span> <span class='ocrx_word' id='word_1_212' title='bbox 236 2893 332 2953; x_wconf 86' lang='lat' dir='ltr'><strong>usque</strong></span> <span class='ocrx_word' id='word_1_213' title='bbox 354 2872 464 2936; x_wconf 81' lang='lat' dir='ltr'><strong>valuit?</strong></span> <span class='ocrx_word' id='word_1_214' title='bbox 508 2875 609 2937; x_wconf 76' lang='lat' dir='ltr'><strong>Canus.</strong></span> <span class='ocrx_word' id='word_1_215' title='bbox 640 2875 810 2936; x_wconf 88' lang='lat' dir='ltr'><strong>Pancratice</strong></span> <span class='ocrx_word' id='word_1_216' title='bbox 833 2883 921 2953; x_wconf 87' lang='lat' dir='ltr'><strong>atque</strong></span> <span class='ocrx_word' id='word_1_217' title='bbox 944 2875 1088 2937; x_wconf 88' lang='lat' dir='ltr'><strong>athletice</strong></span> 
     </span>
    </p>

    <p class='ocr_par' dir='ltr' id='par_1_19' title="bbox 97 2955 1172 3125">
     <span class='ocr_line' id='line_1_31' title="bbox 97 2955 1170 3043; baseline 0.004 -26"><span class='ocrx_word' id='word_1_218' title='bbox 97 2958 161 3018; x_wconf 81' lang='lat' dir='ltr'><strong>Nic.</strong></span> <span class='ocrx_word' id='word_1_219' title='bbox 193 2959 270 3030; x_wconf 86' lang='lat' dir='ltr'><strong>Quid</strong></span> <span class='ocrx_word' id='word_1_220' title='bbox 292 2957 372 3021; x_wconf 81' lang='lat' dir='ltr'><strong>hoc‘i</strong></span> <span class='ocrx_word' id='word_1_221' title='bbox 403 2978 459 3038; x_wconf 87' lang='lat' dir='ltr'><strong>qua</strong></span> <span class='ocrx_word' id='word_1_222' title='bbox 483 2978 569 3021; x_wconf 92' lang='lat' dir='ltr'><strong>causa</strong></span> <span class='ocrx_word' id='word_1_223' title='bbox 592 2978 660 3022; x_wconf 91' lang='lat' dir='ltr'><strong>eum</strong></span> <span class='ocrx_word' id='word_1_224' title='bbox 683 2955 807 3043; x_wconf 89' lang='lat' dir='ltr'><strong>[hinc]</strong></span> <span class='ocrx_word' id='word_1_225' title='bbox 800 2979 830 3019; x_wconf 92' lang='lat' dir='ltr'><strong>m</strong></span> <span class='ocrx_word' id='word_1_226' title='bbox 851 2959 1001 3039; x_wconf 89' lang='lat' dir='ltr'><strong>Ephesum</strong></span> <span class='ocrx_word' id='word_1_227' title='bbox 1024 2961 1170 3032; x_wconf 88' lang='lat' dir='ltr'><strong>miseram,</strong></span> 
     </span>
     <span class='ocr_line' id='line_1_32' title="bbox 97 3042 1172 3125; baseline 0.003 -22"><span class='ocrx_word' id='word_1_228' title='bbox 97 3045 250 3123; x_wconf 87' lang='lat' dir='ltr'><strong>accepitne</strong></span> <span class='ocrx_word' id='word_1_229' title='bbox 272 3063 377 3106; x_wconf 91' lang='lat' dir='ltr'><strong>aurum</strong></span> <span class='ocrx_word' id='word_1_230' title='bbox 399 3044 435 3105; x_wconf 92' lang='lat' dir='ltr'><strong>ab</strong></span> <span class='ocrx_word' id='word_1_231' title='bbox 458 3045 574 3125; x_wconf 87' lang='lat' dir='ltr'><strong>hospite</strong></span> <span class='ocrx_word' id='word_1_232' title='bbox 596 3042 823 3106; x_wconf 75' lang='lat' dir='ltr'><strong>Archidemide?</strong></span> <span class='ocrx_word' id='word_1_233' title='bbox 1129 3056 1172 3106; x_wconf 80' lang='grc'><strong>254</strong></span> 
     </span>
    </p>
   </div>
   <div class='ocr_carea' id='block_1_5' title="bbox 96 3243 1171 3990">
    <p class='ocr_par' dir='ltr' id='par_1_20' title="bbox 96 3243 1171 3990">
     <span class='ocr_line' id='line_1_33' title="bbox 183 3243 1171 3311; baseline 0 -17"><span class='ocrx_word' id='word_1_234' title='bbox 183 3244 232 3294; x_wconf 92' lang='grc'><strong>222</strong></span> <span class='ocrx_word' id='word_1_235' title='bbox 245 3248 271 3294; x_wconf 86' lang='lat' dir='ltr'><strong>et</strong></span> <span class='ocrx_word' id='word_1_236' title='bbox 281 3258 313 3295; x_wconf 90' lang='lat' dir='ltr'><strong>rn.</strong></span> <span class='ocrx_word' id='word_1_237' title='bbox 324 3260 349 3310; x_wconf 88' lang='lat' dir='ltr'><strong>q.</strong></span> <span class='ocrx_word' id='word_1_238' title='bbox 361 3247 506 3297; x_wconf 81' lang='lat' dir='ltr'><strong>Pistoclero</strong></span> <span class='ocrx_word' id='word_1_239' title='bbox 519 3245 593 3298; x_wconf 83' lang='lat' dir='ltr'><strong>codd.</strong></span> <span class='ocrx_word' id='word_1_240' title='bbox 596 3244 747 3311; x_wconf 77' lang='lat' dir='ltr'><strong>,Chrysalo</strong></span> <span class='ocrx_word' id='word_1_241' title='bbox 761 3244 835 3294; x_wconf 83' lang='lat' dir='ltr'><strong>dedit</strong></span> <span class='ocrx_word' id='word_1_242' title='bbox 846 3243 1003 3294; x_wconf 70' lang='lat' dir='ltr'><strong>Gulielmius</strong></span> <span class='ocrx_word' id='word_1_243' title='bbox 1055 3246 1105 3297; x_wconf 95' lang='grc'><strong>223</strong></span> <span class='ocrx_word' id='word_1_244' title='bbox 1118 3244 1171 3295; x_wconf 83' lang='lat' dir='ltr'><strong>cxi·</strong></span> 
     </span>
     <span class='ocr_line' id='line_1_34' title="bbox 97 3283 1171 3379; baseline -0.001 -17"><span class='ocrx_word' id='word_1_245' title='bbox 97 3314 141 3376; x_wconf 79' lang='lat' dir='ltr'><strong>get</strong></span> <span class='ocrx_word' id='word_1_246' title='bbox 152 3310 275 3375; x_wconf 84' lang='lat' dir='ltr'><strong>Botbius]</strong></span> <span class='ocrx_word' id='word_1_247' title='bbox 294 3311 374 3376; x_wconf 81' lang='lat' dir='ltr'><strong>exigit</strong></span> <span class='ocrx_word' id='word_1_248' title='bbox 444 3315 494 3366; x_wconf 87' lang='grc'><strong>224</strong></span> <span class='ocrx_word' id='word_1_249' title='bbox 511 3283 615 3364; x_wconf 74' lang='lat' dir='ltr'><strong>*vcnldt</strong></span> <span class='ocrx_word' id='word_1_250' title='bbox 632 3312 735 3379; x_wconf 89' lang='lat' dir='ltr'><strong>quando</strong></span> <span class='ocrx_word' id='word_1_251' title='bbox 752 3312 809 3363; x_wconf 82' lang='lat' dir='ltr'><strong>vult</strong></span> <span class='ocrx_word' id='word_1_252' title='bbox 821 3311 896 3362; x_wconf 87' lang='lat' dir='ltr'><strong>codd.</strong></span> <span class='ocrx_word' id='word_1_253' title='bbox 967 3313 1016 3364; x_wconf 92' lang='grc'><strong>225</strong></span> <span class='ocrx_word' id='word_1_254' title='bbox 1035 3312 1171 3376; x_wconf 59' lang='grc'><strong>[4301115-</strong></span> 
     </span>
     <span class='ocr_line' id='line_1_35' title="bbox 98 3377 1170 3447; baseline 0.003 -18"><span class='ocrx_word' id='word_1_255' title='bbox 98 3381 168 3429; x_wconf 85' lang='lat' dir='ltr'><strong>tlu&#39;us</strong></span> <span class='ocrx_word' id='word_1_256' title='bbox 249 3380 296 3431; x_wconf 76' lang='lat' dir='ltr'><strong>tat</strong></span> <span class='ocrx_word' id='word_1_257' title='bbox 317 3379 458 3432; x_wconf 86' lang='lat' dir='ltr'><strong>abintroC</strong></span> <span class='ocrx_word' id='word_1_258' title='bbox 541 3384 590 3434; x_wconf 89' lang='grc'><strong>230</strong></span> <span class='ocrx_word' id='word_1_259' title='bbox 608 3380 752 3447; x_wconf 89' lang='lat' dir='ltr'><strong>philippurn</strong></span> <span class='ocrx_word' id='word_1_260' title='bbox 768 3380 889 3443; x_wconf 77' lang='lat' dir='ltr'><strong>Rutilus,</strong></span> <span class='ocrx_word' id='word_1_261' title='bbox 908 3377 942 3439; x_wconf 78' lang='lat' dir='ltr'><strong>cf.</strong></span> <span class='ocrx_word' id='word_1_262' title='bbox 960 3378 1021 3442; x_wconf 86' lang='grc'>272]</span> <span class='ocrx_word' id='word_1_263' title='bbox 1039 3379 1170 3445; x_wconf 87' lang='lat' dir='ltr'><strong>philippos</strong></span> 
     </span>
     <span class='ocr_line' id='line_1_36' title="bbox 98 3447 1170 3513; baseline 0 -15"><span class='ocrx_word' id='word_1_264' title='bbox 98 3448 147 3498; x_wconf 91' lang='grc'><strong>232</strong></span> <span class='ocrx_word' id='word_1_265' title='bbox 165 3447 352 3498; x_wconf 88' lang='lat' dir='ltr'><strong>machimamB</strong></span> <span class='ocrx_word' id='word_1_266' title='bbox 420 3449 469 3499; x_wconf 88' lang='grc'><strong>235</strong></span> <span class='ocrx_word' id='word_1_267' title='bbox 488 3448 854 3513; x_wconf 72' lang='lat' dir='ltr'><strong>Niconnnvstutdldlsnnrx.</strong></span> <span class='ocrx_word' id='word_1_268' title='bbox 882 3461 1017 3498; x_wconf 77' lang='lat' dir='ltr'><strong>cnnrsxnrs</strong></span> <span class='ocrx_word' id='word_1_269' title='bbox 1033 3449 1170 3511; x_wconf 84' lang='lat' dir='ltr'><strong>snnvvsB,</strong></span> 
     </span>
     <span class='ocr_line' id='line_1_37' title="bbox 97 3514 1170 3583; baseline 0 -18"><span class='ocrx_word' id='word_1_270' title='bbox 97 3531 148 3566; x_wconf 89' lang='lat' dir='ltr'><strong>om.</strong></span> <span class='ocrx_word' id='word_1_271' title='bbox 168 3514 212 3566; x_wconf 78' lang='lat'><strong>01)</strong></span> <span class='ocrx_word' id='word_1_272' title='bbox 307 3517 332 3566; x_wconf 84' lang='lat' dir='ltr'><strong>et</strong></span> <span class='ocrx_word' id='word_1_273' title='bbox 351 3529 416 3580; x_wconf 90' lang='lat' dir='ltr'><strong>quae</strong></span> <span class='ocrx_word' id='word_1_274' title='bbox 436 3516 462 3579; x_wconf 88' lang='lat' dir='ltr'><strong>C,</strong></span> <span class='ocrx_word' id='word_1_275' title='bbox 481 3516 543 3583; x_wconf 88' lang='lat' dir='ltr'><strong>*ecq</strong></span> <span class='ocrx_word' id='word_1_276' title='bbox 546 3532 593 3567; x_wconf 86' lang='lat' dir='ltr'><strong>nac</strong></span> <span class='ocrx_word' id='word_1_277' title='bbox 613 3516 706 3579; x_wconf 89' lang='lat' dir='ltr'><strong>[bodie]</strong></span> <span class='ocrx_word' id='word_1_278' title='bbox 800 3517 847 3567; x_wconf 87' lang='grc'>241</span> <span class='ocrx_word' id='word_1_279' title='bbox 868 3514 910 3566; x_wconf 91' lang='lat' dir='ltr'><strong>hic</strong></span> <span class='ocrx_word' id='word_1_280' title='bbox 928 3514 1019 3566; x_wconf 84' lang='lat' dir='ltr'><strong>faciam</strong></span> <span class='ocrx_word' id='word_1_281' title='bbox 1038 3515 1170 3566; x_wconf 81' lang='lat' dir='ltr'><strong>Lucbaiur</strong></span> 
     </span>
     <span class='ocr_line' id='line_1_38' title="bbox 96 3555 1170 3650; baseline 0.002 -18"><span class='ocrx_word' id='word_1_282' title='bbox 96 3597 188 3632; x_wconf 86' lang='lat' dir='ltr'><strong>comm.</strong></span> <span class='ocrx_word' id='word_1_283' title='bbox 204 3597 278 3647; x_wconf 81' lang='lat' dir='ltr'><strong>pros.</strong></span> <span class='ocrx_word' id='word_1_284' title='bbox 297 3581 362 3634; x_wconf 87' lang='lat'><strong>122</strong></span> <span class='ocrx_word' id='word_1_285' title='bbox 431 3555 480 3634; x_wconf 73' lang='lat' dir='ltr'><strong>adt</strong></span> <span class='ocrx_word' id='word_1_286' title='bbox 498 3584 660 3650; x_wconf 86' lang='lat' dir='ltr'><strong>phrixitaque</strong></span> <span class='ocrx_word' id='word_1_287' title='bbox 679 3583 790 3636; x_wconf 83' lang='lat' dir='ltr'><strong>tondebo</strong></span> <span class='ocrx_word' id='word_1_288' title='bbox 808 3582 886 3645; x_wconf 86' lang='lat' dir='ltr'><strong>BCI),</strong></span> <span class='ocrx_word' id='word_1_289' title='bbox 907 3582 989 3649; x_wconf 88' lang='lat' dir='ltr'><strong>phrixi</strong></span> <span class='ocrx_word' id='word_1_290' title='bbox 1008 3584 1095 3649; x_wconf 85' lang='lat' dir='ltr'><strong>itaque</strong></span> <span class='ocrx_word' id='word_1_291' title='bbox 1114 3589 1170 3634; x_wconf 92' lang='lat' dir='ltr'><strong>ton-</strong></span> 
     </span>
     <span class='ocr_line' id='line_1_39' title="bbox 96 3649 1170 3718; baseline -0.001 -17"><span class='ocrx_word' id='word_1_292' title='bbox 96 3650 163 3701; x_wconf 85' lang='lat' dir='ltr'><strong>debo</strong></span> <span class='ocrx_word' id='word_1_293' title='bbox 182 3668 205 3713; x_wconf 76' lang='lat' dir='ltr'><strong>r,</strong></span> <span class='ocrx_word' id='word_1_294' title='bbox 224 3665 295 3701; x_wconf 80' lang='lat' dir='ltr'><strong>corr.</strong></span> <span class='ocrx_word' id='word_1_295' title='bbox 309 3649 470 3701; x_wconf 82' lang='lat' dir='ltr'><strong>Groasiotiua</strong></span> <span class='ocrx_word' id='word_1_296' title='bbox 488 3651 584 3714; x_wconf 84' lang='lat' dir='ltr'><strong>(Phrixi</strong></span> <span class='ocrx_word' id='word_1_297' title='bbox 603 3659 679 3718; x_wconf 86' lang='lat' dir='ltr'><strong>atque</strong></span> <span class='ocrx_word' id='word_1_298' title='bbox 698 3650 842 3703; x_wconf 89' lang='lat' dir='ltr'><strong>detondebo</strong></span> <span class='ocrx_word' id='word_1_299' title='bbox 862 3650 945 3701; x_wconf 83' lang='lat' dir='ltr'><strong>deleto</strong></span> <span class='ocrx_word' id='word_1_300' title='bbox 963 3665 1025 3703; x_wconf 88' lang='lat' dir='ltr'><strong>auro</strong></span> <span class='ocrx_word' id='word_1_301' title='bbox 1037 3651 1170 3715; x_wconf 81' lang='lat' dir='ltr'><strong>Bargktus</strong></span> 
     </span>
     <span class='ocr_line' id='line_1_40' title="bbox 96 3716 1169 3784; baseline 0.001 -16"><span class='ocrx_word' id='word_1_302' title='bbox 96 3734 138 3783; x_wconf 82' lang='lat' dir='ltr'><strong>op.</strong></span> <span class='ocrx_word' id='word_1_303' title='bbox 156 3719 246 3782; x_wconf 83' lang='grc'>1674)</span> <span class='ocrx_word' id='word_1_304' title='bbox 317 3716 420 3769; x_wconf 76' lang='lat' dir='ltr'><strong>*aurum</strong></span> <span class='ocrx_word' id='word_1_305' title='bbox 490 3721 539 3771; x_wconf 87' lang='grc'><strong>243</strong></span> <span class='ocrx_word' id='word_1_306' title='bbox 558 3719 733 3771; x_wconf 86' lang='lat' dir='ltr'><strong>chrisalumB</strong></span> <span class='ocrx_word' id='word_1_307' title='bbox 803 3720 853 3771; x_wconf 85' lang='grc'><strong>245</strong></span> <span class='ocrx_word' id='word_1_308' title='bbox 871 3718 979 3770; x_wconf 83' lang='lat' dir='ltr'><strong>salutem</strong></span> <span class='ocrx_word' id='word_1_309' title='bbox 998 3719 1107 3784; x_wconf 90' lang='lat' dir='ltr'><strong>primum</strong></span> <span class='ocrx_word' id='word_1_310' title='bbox 1120 3720 1169 3770; x_wconf 87' lang='lat' dir='ltr'><strong>Bo·</strong></span> 
     </span>
     <span class='ocr_line' id='line_1_41' title="bbox 96 3785 1171 3853; baseline 0.001 -18"><span class='ocrx_word' id='word_1_311' title='bbox 96 3788 212 3853; x_wconf 80' lang='lat' dir='ltr'><strong>tbiua]p</strong></span> <span class='ocrx_word' id='word_1_312' title='bbox 214 3786 304 3838; x_wconf 89' lang='lat' dir='ltr'><strong>rimum</strong></span> <span class='ocrx_word' id='word_1_313' title='bbox 323 3785 430 3838; x_wconf 83' lang='lat' dir='ltr'><strong>salntem</strong></span> <span class='ocrx_word' id='word_1_314' title='bbox 509 3790 558 3840; x_wconf 87' lang='grc'><strong>246</strong></span> <span class='ocrx_word' id='word_1_315' title='bbox 577 3786 741 3839; x_wconf 86' lang='lat' dir='ltr'><strong>mnesilocbis</strong></span> <span class='ocrx_word' id='word_1_316' title='bbox 761 3786 1101 3852; x_wconf 79' lang='lat' dir='ltr'><strong>C,mnesilogus1)‚·item</strong></span> <span class='ocrx_word' id='word_1_317' title='bbox 1119 3785 1171 3838; x_wconf 85' lang='lat'><strong>262</strong></span> 
     </span>
     <span class='ocr_line' id='line_1_42' title="bbox 96 3803 1169 3918; baseline -0.003 -12"><span class='ocrx_word' id='word_1_318' title='bbox 96 3856 146 3906; x_wconf 77' lang='lat'><strong>247</strong></span> <span class='ocrx_word' id='word_1_319' title='bbox 167 3803 267 3906; x_wconf 78' lang='lat' dir='ltr'><strong>Charis.</strong></span> <span class='ocrx_word' id='word_1_320' title='bbox 285 3853 337 3907; x_wconf 82' lang='grc'><strong>240</strong></span> <span class='ocrx_word' id='word_1_321' title='bbox 354 3853 446 3914; x_wconf 79' lang='lat' dir='ltr'><strong>adfert</strong></span> <span class='ocrx_word' id='word_1_322' title='bbox 468 3870 533 3907; x_wconf 87' lang='lat' dir='ltr'><strong>euax</strong></span> <span class='ocrx_word' id='word_1_323' title='bbox 551 3870 574 3909; x_wconf 91' lang='lat' dir='ltr'><strong>a.</strong></span> <span class='ocrx_word' id='word_1_324' title='bbox 594 3871 616 3908; x_wconf 92' lang='lat' dir='ltr'><strong>a.</strong></span> <span class='ocrx_word' id='word_1_325' title='bbox 635 3860 661 3905; x_wconf 86' lang='lat' dir='ltr'><strong>et</strong></span> <span class='ocrx_word' id='word_1_326' title='bbox 679 3855 757 3906; x_wconf 84' lang='lat' dir='ltr'><strong>addit</strong></span> <span class='ocrx_word' id='word_1_327' title='bbox 773 3853 811 3906; x_wconf 89' lang='lat' dir='ltr'><strong>fili</strong></span> <span class='ocrx_word' id='word_1_328' title='bbox 830 3855 918 3907; x_wconf 88' lang='lat' dir='ltr'><strong>nuntio</strong></span> <span class='ocrx_word' id='word_1_329' title='bbox 1023 3856 1072 3907; x_wconf 86' lang='grc'><strong>249</strong></span> <span class='ocrx_word' id='word_1_330' title='bbox 1091 3855 1169 3918; x_wconf 91' lang='lat' dir='ltr'><strong>[hinc]</strong></span> 
     </span>
     <span class='ocr_line' id='line_1_43' title="bbox 97 3920 721 3990; baseline 0.002 -17"><span class='ocrx_word' id='word_1_331' title='bbox 97 3921 266 3974; x_wconf 81' lang='lat' dir='ltr'><strong>Camerarius</strong></span> <span class='ocrx_word' id='word_1_332' title='bbox 336 3924 386 3974; x_wconf 87' lang='grc'><strong>250</strong></span> <span class='ocrx_word' id='word_1_333' title='bbox 404 3920 511 3989; x_wconf 88' lang='lat' dir='ltr'><strong>hospide</strong></span> <span class='ocrx_word' id='word_1_334' title='bbox 531 3923 558 3989; x_wconf 82' lang='lat' dir='ltr'><strong>C,</strong></span> <span class='ocrx_word' id='word_1_335' title='bbox 576 3922 665 3990; x_wconf 86' lang='lat' dir='ltr'><strong>ospide</strong></span> <span class='ocrx_word' id='word_1_336' title='bbox 683 3922 721 3973; x_wconf 84' lang='lat' dir='ltr'><strong>D¹</strong></span> 
     </span>
    </p>
   </div>
   <div class='ocr_carea' id='block_1_6' title="bbox 0 0 1276 4364">
    <p class='ocr_par' dir='ltr' id='par_1_21' title="bbox 0 0 1276 4364">
     <span class='ocr_line' id='line_1_44' title="bbox 0 0 1276 4364; baseline 0 2"><span class='ocrx_word' id='word_1_337' title='bbox 0 0 1276 4364; x_wconf 95' lang='lat' dir='ltr'><strong> </strong></span> 
     </span>
    </p>
   </div>
  </div>
 </body>
</html>
