2544 4364
392 708 652 785 Anoyunurvu
674 709 692 782 Ι

145 879 241 941 Senex
263 896 366 940 avarus
387 879 434 939 vix
456 879 511 940 sibi
535 879 659 940 credens
681 879 785 941 Euclio

59 964 140 1025 doml
161 983 230 1026 suae
252 964 396 1026 defossam
420 965 518 1026 multis
541 970 608 1025 cum
631 965 738 1045 opibus

57 1050 153 1112 aulam
174 1050 295 1125 invenit,
318 1069 495 1130 rursumque
517 1051 635 1131 penitus
657 1051 804 1112 conditam

58 1136 200 1216 exanguis
222 1155 325 1198 amens
346 1144 449 1198 servat.
493 1137 556 1197 eius
577 1136 665 1197 liliam

58 1221 224 1302 Lyconides
245 1221 367 1282 vitiarat.
411 1222 524 1283 interea
546 1239 637 1282 senex

59 1307 232 1388 Megadorus
254 1326 271 1367 a
293 1326 397 1369 sorore
419 1325 523 1368 suasus
545 1307 654 1368 ducere

58 1411 181 1454 uxorem
203 1392 280 1454 avari
303 1401 420 1473 gnatam
443 1393 577 1472 deposcit
597 1391 662 1453 sibi.

59 1480 150 1541 durus
172 1497 263 1539 senex
285 1483 331 1539 le
353 1478 506 1558 promittit,
528 1487 616 1557 atque
638 1477 720 1539 aulae
742 1477 850 1537 timens

59 1563 145 1625 domo
169 1563 312 1625 sublatam
335 1564 420 1626 variis
442 1563 585 1625 abstrudit
607 1562 688 1624 locis.

59 1649 178 1711 insidias
200 1668 299 1711 servos
321 1650 390 1710 lacit
410 1650 498 1712 huius
520 1648 677 1729 Lyconidis

60 1735 111 1813 qui
132 1735 274 1814 virginem
296 1735 424 1811 vitiarat;
446 1744 535 1813 atque
557 1735 620 1814 ipse
643 1733 777 1795 obsecrat

59 1820 236 1882 avonculum
258 1821 447 1898 Megadorum
471 1820 588 1881 sibimet
610 1819 716 1880 cedere

59 1924 183 1967 uxorem
204 1907 322 1967 amanti.
367 1925 421 1986 per
443 1905 543 1966 dolum
565 1923 633 1965 mox
656 1904 758 1966 Euclio

60 2010 149 2070 quom
171 1992 346 2072 perdidisset
368 1992 473 2067 aulam,
496 1992 645 2072 insperato
667 1990 780 2053 invenit

58 2077 211 2157 laetusque
234 2086 331 2139 natam
354 2079 492 2140 conlocat
512 2076 664 2158 Lyconidi.

384 2300 645 2375 Anovunnrvu
666 2299 706 2372 II

60 2471 165 2541 Aulam
186 2487 333 2559 repertam
356 2477 420 2538 auri
441 2478 559 2558 plenam
582 2478 684 2541 Euclio

62 2557 96 2625 Vi
117 2584 229 2627 summa
251 2572 356 2638 servat,
379 2563 494 2625 miseris
515 2565 647 2626 adlectus
669 2564 773 2626 modis.

63 2643 226 2731 Lyconides
248 2651 331 2712 istius
352 2649 433 2710 vitiat
454 2649 551 2711 saliam.

62 2729 128 2798 lton
148 2738 224 2798 hano
246 2735 420 2815 Megadorus
441 2734 603 2797 indotatam
626 2738 743 2811 ducere,

63 2814 242 2901 lubensque
264 2831 297 2883 ut
318 2820 404 2881 faciat
425 2820 474 2880 dat
495 2839 608 2900 coquos
630 2841 698 2884 cum
721 2820 855 2883 obsonio.

62 2899 144 2969 Auro
166 2907 303 2968 formidat
324 2905 437 2980 Euclio,
460 2905 605 2968 abstrudit
625 2907 707 2969 loris.

64 2986 105 3054 lle
128 2993 208 3054 omni
231 2993 363 3071 inspecta
386 2993 597 3071 compressoris
618 2993 748 3054 servolus

64 3071 94 3139 ld
116 3079 220 3159 surpit.
264 3079 327 3138 lllic
349 3076 485 3138 Euclioni
507 3097 570 3139 rem
592 3079 692 3138 refert.
741 3086 744 3092 '

63 3156 109 3224 Ab
133 3183 167 3224 eo
191 3164 318 3225 donatur
339 3181 421 3238 auro,
445 3181 536 3224 uxore
559 3171 588 3223 et
609 3163 679 3223 lllio.

148 3349 240 3399 lucum
255 3349 314 3412 (om.
328 3350 360 3413 E)
372 3362 510 3400 naonoovs
523 3362 555 3399 m.
568 3361 709 3399 avovman
720 3359 812 3397 naarai
820 3343 876 3410 BE,
895 3361 944 3397 om.
953 3344 979 3393 D
1032 3347 1062 3398 11
1076 3343 1131 3410 ipse

66 3433 117 3469 om.
135 3419 160 3468 Ε
231 3420 262 3470 12
282 3417 375 3468 sedere
392 3418 437 3481 Ba,
455 3416 557 3467 credere
575 3416 659 3467 Laod.

150 3486 247 3537 Pnnvrr
264 3498 406 3536 avnvnanm
423 3499 522 3537 monna.
540 3498 711 3535 merueram
729 3483 786 3548 BE,
804 3497 853 3533 om.
871 3482 897 3531 D
975 3484 986 3533 l
1007 3481 1061 3532 auri
1078 3480 1131 3546 ple-

64 3556 133 3617 nam]
152 3569 243 3606 avarus
261 3553 363 3619 plenam
380 3554 434 3605 auri
451 3553 564 3605 Botdius
644 3551 796 3604 dabstridit
812 3550 881 3603 lorea
956 3549 1131 3615 linspectata

65 3623 209 3674 Muellerus
