2544 4364
96 181 231 234 uoto-sa
561 164 715 219 4844944944
1131 167 1170 228 71

96 339 231 412 sceleste,
249 357 310 399 non
326 338 416 400 audes
430 337 502 399 mihi
517 338 642 399 scelesto
657 335 836 400 subvenire?

97 423 189 484 Lnou.
221 423 329 503 Pergin
353 423 468 502 precari
483 421 644 501 pessumo?
688 423 781 484 lianc.
812 422 984 493 Quaeres?
1005 423 1172 486 tunlihero

455 507 587 568 hominei

96 592 173 653 male
194 610 294 654 servos
316 590 460 671 loquere?
504 593 595 653 Lnon.
626 591 746 671 Vapula.
800 592 893 653 Meno.
924 592 955 653 ld
979 593 1097 672 quidem
1119 593 1174 655 tihi

456 677 555 738 hercle
571 678 630 751 het,

97 768 131 822 ut
146 761 275 840 vapules,
290 761 501 822 Demaenetum
518 762 606 823 simul
621 780 654 822 ac
670 780 853 841 conspexero
868 762 964 823 hodie.

96 845 128 906 in
141 845 188 908 ius
197 864 269 907 voco
282 854 320 906 te.
353 847 443 906 Lnou.
466 846 590 907 Noneo.
620 847 713 908 Meno.
737 847 803 908 Non
817 845 1051 907 eis‘lmemento.
1081 846 1173 909 Lnou.

457 931 585 991 Memini.
1131 941 1174 993 480

97 1014 192 1074 Mnnc.
216 1014 340 1075 Dabitur
350 1015 586 1095 polsupplicium
596 1015 666 1076 mihi
675 1017 919 1093 detergovostro.
950 1015 1041 1076 Leon.
1065 1015 1172 1076 Vaetel

96 1099 152 1160 tihi
168 1099 284 1178 quidem
301 1100 489 1180 supplicium,
506 1101 656 1176 carnuteni,
673 1101 708 1161 de
724 1099 811 1162 nohis
826 1097 970 1176 deturi†
1005 1101 1099 1162 Mune.
1122 1101 1174 1160 At-

456 1204 514 1263 que
529 1185 615 1246 etiam

98 1285 154 1346 pro
171 1267 255 1329 dictis
272 1269 377 1331 vostris
392 1268 542 1332 maledicis
556 1287 672 1349 poenae
688 1270 859 1349 pendentur
873 1270 914 1330 mi
929 1269 1026 1331 hodie.

98 1352 190 1413 Leon.
220 1352 306 1429 Quid,
322 1351 468 1417 verberol
491 1354 538 1498 ai?n
554 1363 597 1429 tu,
614 1352 758 1415 lurcilerl
781 1372 864 1414 erum
890 1373 945 1417 nos
960 1354 1086 1433 fugitare
1102 1372 1175 1416 cen-

456 1458 503 1500 ses
1067 1447 1174 1499 404485

96 1521 128 1581 ei
143 1522 281 1583 nunciam
298 1523 333 1584 ad
351 1542 445 1597 erum,
462 1542 521 1602 quo
537 1541 633 1598 vocas
649 1523 706 1583 iam
722 1523 833 1584 dudum
849 1541 908 1601 quo
924 1522 1051 1583 volebas.

96 1605 192 1667 Meno.
223 1607 309 1669 Nunc
325 1605 465 1669 demum?
484 1617 583 1669 tamen
600 1626 762 1686 numquam
778 1608 848 1668 hinc
864 1608 941 1670 seres
956 1607 1071 1686 argenti
1087 1626 1175 1669 num·

455 1711 544 1769 mum,
561 1711 682 1753 nisime

96 1773 168 1836 dare
190 1775 309 1838 iusserit
329 1777 535 1840 Demaenetus.
581 1778 672 1838 Lnon.
702 1777 744 1836 lta
760 1777 864 1850 facito,
885 1794 938 1854 age
955 1776 1073 1837 ambula
1094 1795 1175 1855 crgo.

97 1869 132 1920 tu
147 1861 357 1922 contumeliam
373 1862 456 1922 alteri
471 1863 569 1938 iacias,
586 1862 638 1923 tihi
655 1880 716 1922 non
733 1858 869 1921 dicatur?

97 1953 159 2006 tam
174 1965 229 2025 ego
245 1947 333 2007 homo
349 1966 415 2008 sum
431 1965 517 2026 quam
533 1957 574 2007 tu.
612 1947 706 2007 Meno.
738 1945 864 2010 Scilicet.
884 1945 1050 2007 itarcsest.
1084 1945 1176 2007 Lnou.

459 2033 591 2110 Sequere
605 2031 661 2092 hac
677 2050 758 2111 ergo.
1133 2040 1178 2092 490

98 2115 268 2196 praefiscini
282 2116 340 2176 hoc
357 2135 440 2177 nunc
456 2117 595 2177 dixerim:
613 2135 701 2177 nemo
718 2115 804 2177 etiam
819 2133 866 2176 me
882 2115 1028 2177 accusavit

97 2199 205 2260 merito
220 2219 303 2277 mco;
321 2218 420 2281 neque
436 2220 483 2262 me
500 2202 574 2262 alter
589 2211 633 2262 est
647 2201 771 2263 Athenis
786 2200 873 2261 hodie
888 2201 1055 2280 quisquam,

97 2285 171 2363 quoi
186 2285 266 2346 credi
282 2294 362 2346 recte
378 2305 471 2364 aeque
487 2295 601 2366 putent.
646 2286 741 2347 Mune.
769 2285 921 2347 Fortassis.
948 2287 999 2347 sed
1014 2294 1114 2347 tamen
1130 2304 1178 2346 me

99 2387 262 2447 numquam
278 2370 366 2431 hodie
382 2371 514 2446 induces,
531 2380 563 2431 ut
575 2371 628 2431 tihi
644 2370 761 2431 credam
775 2369 834 2430 hoo
849 2378 1006 2450 argentum
1021 2370 1134 2449 ignoto.

98 2454 188 2533 lupus
200 2456 344 2516 esthemo
356 2456 479 2530 homini,
493 2475 554 2516 non
567 2456 666 2528 homo,
679 2473 769 2534 quom
778 2454 872 2533 qualis
884 2455 921 2515 sit
933 2473 994 2514 non
1007 2454 1097 2514 novit.
1133 2463 1177 2514 495

101 2538 193 2600 Lnou.
216 2540 275 2600 lam
289 2559 371 2602 nuno
383 2540 512 2602 secunda
526 2540 598 2600 mihi
610 2540 691 2600 lacis.
708 2539 817 2600 scibam
830 2538 936 2599 huicte
949 2538 1077 2618 capitulo
1090 2538 1177 2600 hodie

101 2624 249 2685 facturum
265 2626 335 2688 satis
351 2643 406 2703 pro
422 2625 546 2699 iniuria;
563 2642 741 2702 quamquam
757 2642 812 2702 ego
828 2641 893 2684 sum
910 2623 1085 2697 sordidatus,

100 2709 181 2788 frugi
196 2717 295 2771 tamen
311 2729 387 2784 sum,
405 2729 461 2770 nec
476 2718 574 2789 potest
588 2709 737 2788 peculium
753 2708 930 2769 enumerari.

102 2792 197 2855 Maec.
227 2794 373 2856 Fortasse.
417 2796 508 2855 Lucu.
539 2794 634 2855 Etiam
650 2791 670 2871 †
686 2813 768 2855 nunc
788 2793 854 2854 dico
876 2793 1059 2874 Periphanes
1073 2792 1178 2854 Rhodo

140 2885 144 2889 '
462 2888 609 2940 mercator
624 2879 703 2941 dives

102 2961 226 3024 ahsente
243 2982 294 3024 cro
310 2964 390 3025 solus
406 2964 477 3026 mihi
492 2965 636 3026 talentum
652 2964 768 3043 argenti
783 2962 838 3026 soli
1137 2970 1180 3021 900

171 3165 220 3214 477
239 3163 341 3215 homine
419 3166 468 3216 478
487 3163 554 3214 malo
636 3178 661 3228 q.
678 3166 707 3224 t.]
727 3159 830 3228 quidem
848 3159 895 3224 12¹,
914 3159 961 3211 tihi
980 3157 1082 3225 quidem
1102 3175 1125 3222 ς,
1143 3156 1179 3218 of.

103 3229 236 3280 hatcluius
253 3246 345 3282 eornm.
361 3247 433 3297 pros.
451 3231 489 3283 Pl.
508 3231 524 3280 I
534 3246 563 3296 p.
578 3232 610 3281 15
679 3229 724 3280 flet
741 3228 828 3279 Boua*
909 3229 959 3279 479
979 3226 1055 3277 huie
1073 3225 1111 3274 D¹

102 3299 237 3351 489-483
257 3300 306 3350 del.
325 3300 468 3364 Vosingiuc
563 3300 612 3350 480
630 3297 663 3348 iis
761 3298 811 3348 482
830 3293 919 3345 *detur
937 3293 968 3345 de
986 3293 1062 3344 nohis
1081 3293 1179 3356 (Herm.

104 3365 145 3428 18,
155 3367 215 3430 586)
267 3369 318 3420 483
330 3367 473 3419 maledictis
534 3367 594 3418 484.
604 3367 654 3418 485
672 3365 715 3415 aiu
729 3369 756 3417 tu
774 3365 920 3414 mercatori
932 3362 1008 3412 dedit
1017 3361 1138 3422 Botht‘us,
1156 3377 1179 3415 a.

104 3437 123 3485 4.
142 3433 245 3486 lurciler
264 3436 408 3500 Vscingtus
502 3448 550 3484 nos
568 3434 593 3499 c]
613 3436 714 3485 nosmet
733 3433 817 3496 codd„
835 3445 876 3482 roe
895 3430 1046 3494 Vasingius,
1065 3428 1100 3490 os.
1119 3428 1181 3479 ltro-

103 3501 211 3552 heelo'us
229 3504 245 3555 l.
263 3519 284 3554 4.
302 3503 336 3555 63
422 3501 675 3566 48644144144144
761 3499 895 3551 *volebam
981 3497 1181 3550 lestussum

104 3571 155 3622 490
173 3570 324 3622 scilicet-
342 3586 403 3637 ergo
420 3572 580 3621 mercatoria
597 3569 672 3621 BDE
770 3570 818 3620 491
838 3564 993 3633 preficiscini
1011 3563 1105 3629 uum,
1124 3579 1181 3631 per-

103 3635 185 3689 ficisci
204 3639 228 3689 ui
249 3639 291 3702 13¹,
310 3655 381 3690 corr.
401 3639 481 3689 04444
577 3636 714 3688 dixerimus
732 3637 756 3687 ll
859 3635 909 3686 492
928 3648 968 3684 me
986 3632 1094 3685 Athenis
1117 3631 1182 3683 alter

104 3710 145 3756 est
163 3707 248 3771 codd„
267 3722 336 3757 corr.
355 3707 492 3758 Bentleiua
580 3706 629 3758 499
648 3706 740 3771 putant
751 3703 791 3752 Da
877 3704 927 3753 495
946 3705 986 3753 est
1007 3716 1057 3753 om.
1075 3699 1113 3748 D¹

103 3775 155 3826 496
174 3773 255 3825 cibam
275 3775 361 3825 BD¹E
435 3775 485 3826 hnc
502 3774 527 3823 Ε
605 3775 655 3825 497
675 3787 729 3823 sum
750 3770 840 3838 egoB
908 3769 1047 3821 sorditatas
1065 3767 1114 3818 BD

104 3844 156 3895 499
175 3857 242 3893 nuuc
261 3842 328 3905 dico]
347 3842 423 3894 hodie
443 3843 648 3903 Lochmonnm5
672 3839 811 3890 delendam
830 3837 949 3901 videtur,
972 3835 1007 3897 os.
1026 3833 1183 3887 llibhaelo'uc

105 3910 121 3961 I.
140 3926 161 3960 4.
180 3910 215 3961 63
