2544 4364
104 178 165 229 1113,
175 179 251 221 sc-ra
555 157 732 210 BACGHIDES
1121 158 1179 218 147

106 334 184 394 haud
201 333 348 395 consimili
363 331 485 410 ingenio
501 339 589 410 atque
605 330 682 391 illest
697 329 747 408 qui
762 330 791 389 in
808 328 943 409 lupanari
958 329 1090 392 accubat.

105 420 289 480 fortunatum
304 416 492 488 Nicobulum,
509 416 560 494 qui
576 415 658 476 illum
673 414 814 494 produxit
827 414 898 475 sibii
1138 428 1182 480 aas

105 503 187 564 Pnrn.
211 504 311 565 Salvos
325 503 376 577 sia,
391 500 589 562 Mnesiloche:
604 500 715 562 salvom
730 507 759 560 te
774 498 912 560 advenire
925 498 1049 579 gaudeo.

105 588 196 649 bluns.
227 588 263 648 lii
277 597 307 649 te
322 595 437 662 ament,
460 585 630 646 Philoxene.
667 584 737 645 Lrn.
765 583 821 645 llic
839 584 919 645 enim
935 585 991 646 rite
1006 586 1182 666 productust

460 670 550 750 patri:

104 759 135 819 in
152 775 234 818 mare
248 758 280 832 it,
296 774 359 817 rem
374 754 548 823 familiarem
563 760 658 827 curat,
675 752 802 815 custodit
816 753 947 827 domum,

104 841 274 922 obsequens
290 841 538 919 oboediensquest
551 839 628 901 mori
643 847 732 917 atque
748 838 881 917 imperiis
895 839 996 918 patris.

105 929 153 989 hic
169 927 276 989 sodalis
290 927 453 988 Pistoclero
468 925 526 985 iam
540 942 615 1004 puer
628 941 724 1002 puero
739 923 810 998 luit;
1135 935 1181 986 466

103 1012 233 1074 triduom
249 1031 311 1073 non
328 1012 451 1072 interest
466 1009 570 1071 aetatis
584 1015 618 1069 ut
632 1008 728 1070 maior
740 1008 811 1069 siet:

102 1116 206 1158 verum
220 1097 376 1176 ingenium
391 1096 458 1177 plus
471 1095 595 1174 triginta
609 1094 696 1154 annis
711 1093 819 1156 maiust
834 1108 923 1171 quam
938 1092 1030 1153 alteri.

103 1182 184 1243 Parc.
207 1181 282 1243 Care
296 1181 374 1242 malo
391 1190 420 1242 et
436 1197 583 1259 conpesce
598 1179 628 1238 in
645 1179 727 1239 illum
738 1177 837 1238 dicere
852 1177 970 1239 iniuste.
1000 1178 1069 1238 Lrn.
1093 1178 1180 1240 Tace.

102 1267 210 1328 sruuus
225 1285 256 1327 es
271 1266 323 1344 qui
337 1265 379 1326 illi
389 1264 470 1326 male
485 1281 572 1343 aegre
585 1271 689 1342 patere
704 1263 761 1322 dici
778 1262 828 1340 qui
844 1262 921 1323 lacit.

103 1349 183 1435 [nam
199 1350 282 1412 illum
297 1369 396 1412 meum
411 1349 520 1410 malum
536 1355 707 1428 promptare
719 1345 817 1406 malim
833 1363 920 1425 quam
936 1346 1093 1426 peculium.
1137 1358 1180 1408 466

103 1437 185 1496 Pau.
216 1433 369 1505 Quidum?
413 1435 483 1495 Lrn.
506 1433 596 1506 Quia,
617 1431 727 1492 malum
741 1431 766 1493 si
782 1438 949 1511 praeoptet,
969 1431 1000 1492 in
1016 1430 1078 1493 dies
1094 1433 1180 1493 iaciat

459 1519 578 1593 minus]

102 1605 195 1666 Mnus.
219 1603 296 1674 Quid
311 1604 442 1666 sodalem
458 1619 558 1664 meum
573 1600 708 1680 castigas,
724 1600 812 1680 Lyde,
828 1599 1005 1679 discipulum
1019 1598 1125 1661 tuom?

103 1690 173 1750 Lrn.
197 1689 289 1749 Periit
298 1689 351 1750 tibi
363 1688 478 1750 sodalis.
501 1687 592 1747 Mans.
610 1686 652 1746 Ne
664 1685 693 1744 di
704 1685 800 1746 sirint.
816 1684 886 1744 Lrn.
900 1684 1005 1745 Sioest
1016 1685 1175 1764 alloquor.
1249 1735 1253 1742 .

101 1775 174 1852 quin
191 1792 246 1851 ego
264 1791 354 1852 quom
369 1773 484 1853 peribat
498 1772 566 1846 vidi,
583 1789 644 1830 non
660 1788 697 1830 ex
712 1769 810 1830 audito
825 1786 927 1847 arguo.

102 1858 195 1920 Mans.
219 1857 297 1929 Ouid
312 1854 470 1919 factumst?
504 1857 575 1917 Lrn.
598 1853 781 1915 Meretricem
796 1853 918 1933 indigne
933 1852 1056 1932 deperit.
1086 1854 1178 1916 Mans.

459 1940 525 2002 Non
539 1948 573 2001 tu
588 1936 689 2000 taces‘.l
1134 1950 1179 2001 446

101 2028 170 2088 444.
199 2028 295 2106 Atque
317 2044 471 2088 acerrume
486 2032 667 2087 aestuosam:
690 2022 829 2084 absorbet
843 2021 894 2084 ubi
911 2041 1058 2102 quemque
1073 2025 1178 2104 attigit.

100 2112 190 2173 Mnus.
217 2112 272 2172 Vbi
288 2130 321 2173 ea
336 2112 444 2174 mulier
457 2107 591 2172 habitat?
626 2109 697 2169 Lrn.
719 2107 784 2168 llic.
815 2105 906 2169 blnns.
936 2108 1018 2169 Vnde
1034 2127 1098 2170 eam
1114 2129 1177 2172 esse

455 2192 559 2257 aiunt?
590 2194 659 2255 lan.
682 2193 726 2254 Ex
742 2193 839 2254 Samo.

100 2281 191 2342 llnns.
221 2281 305 2352 Quae
319 2278 463 2342 vocaturi
499 2281 570 2341 Lm.
599 2278 731 2339 Bacchis.
767 2277 858 2339 lllnns.
885 2277 989 2350 Erras,
1006 2277 1099 2358 Lyde:
1122 2298 1177 2359 ego

458 2379 577 2424 omnem
593 2379 655 2422 rem
671 2379 732 2422 scro

101 2465 189 2529 quem
205 2447 240 2508 ad
255 2446 414 2510 modumst.
445 2454 477 2507 tu
492 2446 689 2507 Pistoclerum
704 2445 777 2506 lalso
794 2453 882 2524 atque
898 2445 1047 2506 insontem
1067 2447 1176 2526 arguis.

99 2551 168 2595 nam
183 2532 231 2592 ille
248 2532 342 2592 amico
358 2540 388 2592 et
403 2530 591 2592 benevolenti
606 2550 661 2591 suo
676 2529 768 2591 sodali
784 2529 886 2590 sedulo
1133 2541 1177 2592 445

98 2636 160 2680 rem
177 2617 342 2678 mandatam
357 2615 538 2694 exsequitur.
561 2615 643 2695 ipsus
658 2633 756 2693 neque
771 2622 849 2674 amat
864 2631 920 2675 nee
933 2622 968 2675 tu
983 2616 1115 2678 creduas.

99 2704 169 2763 Lro.
192 2703 274 2763 Itane
289 2708 409 2781 oportet
422 2717 486 2760 rem
501 2699 668 2761 mandatam
683 2717 787 2780 gerere
799 2698 887 2760 amici
903 2697 1015 2774 sedulo,

97 2797 131 2849 ut
146 2788 228 2867 ipsus
242 2804 274 2848 se
290 2785 473 2848 osculantem
488 2784 519 2846 in
535 2784 648 2864 gremio
664 2783 819 2845 mulierem
833 2793 933 2845 terreat
946 2783 1075 2848 sedens?

98 2872 202 2934 nullon
217 2880 304 2951 pacto
319 2889 367 2933 res
381 2870 517 2931 mandata
532 2877 630 2950 potest
644 2869 701 2947 agi,
716 2868 773 2930 nisi
788 2869 950 2930 identidem

97 2962 203 3018 manus
214 2957 289 3017 ferat
297 2956 382 3034 [eius]
393 2954 428 3017 14
440 2954 572 3036 papillas,
585 2952 1176 3034 1444664164446466646446416464446)

165 3094 214 3145 458
226 3092 257 3143 iit
266 3090 296 3155 B,
312 3094 341 3143 ut
352 3090 397 3143 014
405 3092 433 3155 (4.
443 3107 463 3142 a.
474 3088 519 3154 eit)
572 3091 623 3142 446
635 3102 704 3142 more
714 3090 743 3155 (6.
752 3105 774 3142 e.
783 3088 873 3153 menei)
883 3085 954 3141 6614
1006 3092 1053 3142 464
1069 3093 1098 3142 64
1107 3088 1174 3140 Her·

97 3163 220 3222 mannae]
239 3160 365 3222 6464446.
380 3157 506 3223 6466110,
523 3155 606 3209 iterD
668 3159 717 3209 464
736 3156 840 3221 triginta
854 3156 931 3219 [lrnic]
945 3154 1120 3221 144466146ἱὶ64,·
1137 3155 1172 3218 es.

96 3227 273 3278 146664616466
287 3226 352 3278 dael.
363 3226 408 3279 464.
418 3226 452 3278 93
463 3225 505 3278 W.
566 3225 616 3277 466
628 3223 724 3276 malum
734 3223 820 3290 46444,
832 3239 902 3276 corr.
912 3223 1036 3290 Scaliger
1047 3222 1173 3289 (4414646.

97 3294 149 3346 369
157 3294 206 3360 sq.)
276 3295 327 3346 464
344 3309 394 3346 om.
414 3292 449 3345 B⁰
518 3294 578 3346 466.
597 3293 647 3346 466
666 3291 764 3342 delevit
781 3291 902 3359 (inpetres
919 3293 994 3358 (port
1009 3292 1061 3344 462
1081 3296 1174 3358 posuit

96 3362 248 3426 Vseingiae)
301 3359 505 3414 4646666461664
516 3359 573 3413 644ι
624 3362 675 3412 466
691 3359 716 3411 41
726 3360 811 3412 sinant
819 3358 1016 3426 4446664446
1065 3361 1171 3414 46966-

95 3429 151 3481 ditn
161 3429 197 3480 13²
247 3430 296 3481 444
312 3429 457 3481 *acerrume
468 3431 623 3491 aestuosum]
634 3442 763 3480 acerrume
772 3431 877 3480 aestuas
900 3428 925 3494 (e
934 3440 992 3493 cup.
1002 3442 1017 3480 e
1026 3430 1055 3479 in
1064 3443 1095 3481 ae
1108 3430 1172 3495 lm.)

95 3497 127 3560 B,
140 3508 285 3549 acerrumea
299 3500 339 3549 est
350 3511 398 3549 uos
412 3496 439 3562 0,
456 3509 569 3549 acerram
583 3512 612 3549 ea
626 3500 666 3548 664
677 3509 741 3548 noae
753 3495 780 3546 14
847 3443 897 3548 od
912 3509 970 3548 esse
982 3505 1038 3547 6666
1051 3495 1171 3564 'drapum

96 3567 146 3632 446
158 3565 289 3631 incipitA
341 3580 373 3616 ne
410 3564 606 3628 6114466601)
617 3564 717 3616 Paulus
743 3563 1111 3629 ,60644464464646646664

95 3579 409 3695 credaslltncrederasd¹
448 3629 705 3693 rar-tsaoerf.
739 3633 921 3683 racbmannm
948 3630 1016 3683 .127
1067 3634 1116 3685 444
1127 3645 1170 3698 ge-

95 3717 151 3754 rere
163 3701 242 3764 Aoo]
262 3715 337 3766 agere
353 3701 375 3752 B
444 3703 493 3754 448
511 3700 557 3752 *46
575 3700 734 3752 osculantem
751 3699 769 3753 i.
782 3703 816 3765 p]
829 3642 1021 3752 deosculantem
1032 3699 1059 3751 iu
1072 3700 1169 3766 gremio

94 3769 154 3833 (dec
172 3772 288 3832 ineerta)
305 3771 339 3833 Α,
356 3769 383 3819 in
402 3768 499 3834 gremio
518 3768 678 3820 osculantem
695 3767 765 3820 Boo
854 3769 905 3820 449
922 3767 993 3819 nullo
1010 3769 1036 3818 Α
1053 3768 1110 3835 (aad
1124 3766 1170 3818 aul

94 3840 208 3900 incerta)
226 3836 270 3902 13¹,
289 3836 377 3888 nullon
397 3835 418 3887 C
484 3838 534 3889 466
552 3835 635 3888 *ferat
653 3837 709 3888 eius
726 3834 759 3886 ad
775 3835 893 3903 papillae]
913 3834 978 3887 leret
987 3871 1078 3889 ......
1088 3834 1170 3902 papil-

95 3904 134 3956 las
143 3905 176 3968 A,
189 3904 254 3957 ferat
267 3903 298 3957 64
311 3903 421 3972 papillas
430 3903 499 3956 Boo
552 3903 583 3955 ab
596 3903 721 3955 Loeaoa‘m
731 3904 805 3971 apud
812 3904 1038 3966 Brachmanorum]
1051 3901 1171 3956 aABCD

918 3985 966 4038 10*
