2544 4364
63 184 234 237 procrea-rea
506 169 698 226 AMPfflTRVO

66 341 118 421 qui
140 359 209 402 cum
231 342 448 422 Amphitruone
470 343 559 406 abivit
580 346 651 407 hinc
672 344 704 406 in
727 347 898 422 exercitum,

64 434 100 488 ut
120 428 301 506 praeservire
325 428 433 489 amanti
455 448 521 490 meo
545 449 663 508 possem
685 432 762 510 patri

65 519 154 590 atquc
176 520 210 572 ut
232 532 271 573 ne
293 513 344 591 qui
366 531 461 575 essem
484 514 640 576 familiares
662 525 849 595 quaererent,

63 597 179 677 ¹vorsari
201 597 306 658 crebro
328 597 377 658 hic
400 617 491 676 quom
512 599 646 660 viderent
667 619 715 662 me
737 601 833 674 domi;

65 699 150 743 nuno
172 700 263 760 quom
284 701 348 744 esse
370 683 492 745 credent
513 702 629 745 servom
650 694 680 747 et
702 704 876 748 conservom
898 705 993 761 suom,

65 766 145 827 haud
167 767 323 846 quisquam
346 777 468 847 quaeret
490 769 541 847 qui
562 770 636 831 siem
658 779 709 832 aut
731 771 801 850 quitl
823 772 964 833 venerim.
1098 782 1139 832 130

66 859 151 931 pater
174 870 255 912 nunc
278 851 359 914 intus
381 872 434 915 suo
458 855 556 915 animo
579 873 694 917 morem
715 856 806 935 gerit:

66 935 156 999 cubat
177 936 350 1016 complexus
372 938 478 1016 quoius
500 939 624 1018 cupiens
645 949 818 1002 maxumcst.

67 1039 143 1102 quae
164 1021 205 1082 illi
227 1023 264 1083 ad
285 1023 435 1102 legionem
457 1025 532 1084 facta
554 1033 626 1086 sunt
648 1034 791 1087 memorat
812 1033 897 1105 pater

65 1125 151 1169 meus
173 1107 367 1168 Alcumenae:
390 1108 438 1169 llla
458 1108 540 1169 illum
564 1119 665 1171 censet
686 1112 782 1172 virum

66 1209 151 1253 suom
174 1211 248 1267 esse,
271 1210 436 1271 quaecum
459 1194 620 1255 moechost.
664 1195 706 1256 ihi
728 1215 809 1258 nunc
832 1214 917 1256 meus
938 1202 1022 1274 pater
1097 1203 1139 1254 135

65 1285 220 1353 memorat,
242 1277 375 1357 legiones
397 1279 525 1339 hostium
548 1287 581 1339 ut
602 1280 754 1358 fugaverit,

68 1380 128 1440 quo
150 1369 236 1441 pacto
260 1363 347 1424 donis
368 1363 406 1424 sit
428 1364 555 1425 donatus
577 1365 732 1443 plurumis.

67 1463 102 1507 ea
124 1447 210 1522 dona,
233 1465 310 1526 quae
331 1447 391 1508 illic
413 1448 622 1527 Amphitruoni
644 1458 715 1510 sunt
737 1449 812 1523 data,

66 1530 256 1593 abstulimus:
279 1533 362 1593 facile
384 1551 468 1595 meus
490 1540 574 1614 pater
596 1534 676 1612 quod
699 1535 757 1595 volt
779 1534 856 1594 facit.

67 1634 152 1679 nunc
173 1616 260 1679 hodie
282 1617 458 1696 Amphitruo
481 1618 580 1679 veniet
601 1619 661 1680 huo
683 1617 719 1679 ab
742 1619 873 1680 exercitu

68 1711 98 1762 et
120 1705 228 1776 servos,
251 1703 358 1781 quoius
380 1721 434 1781 ego
456 1703 534 1764 hauc
557 1703 618 1763 fero
641 1703 807 1782 imaginem.

68 1805 151 1847 nunc
172 1786 339 1849 internosse
362 1795 396 1847 ut
416 1807 472 1848 nos
494 1787 613 1867 possitis
633 1788 757 1862 facilius,

69 1890 123 1951 ego
146 1870 198 1932 hals
219 1871 334 1933 habebo
356 1876 451 1950 visque
474 1872 504 1932 in
527 1879 630 1951 petaso
652 1873 808 1951 pinnulas;

68 1965 132 2017 tum
153 1974 220 2017 mco
241 1957 319 2036 patri
340 1964 437 2018 autem
460 1956 575 2018 torulus
597 1957 687 2017 inerit
708 1975 815 2018 aureus

68 2059 122 2102 suo
145 2045 176 2102 ln
199 2049 317 2121 petaso:
341 2041 370 2101 id
392 2042 510 2120 signum
533 2042 741 2120 Amphitruoni
764 2061 826 2103 non
850 2041 914 2102 erit.

69 2143 103 2186 ea
123 2130 208 2206 signa
230 2144 318 2186 nemo
340 2127 449 2187 horum
471 2126 658 2187 familiarium

68 2209 168 2271 videre
189 2211 312 2290 poterit:
335 2230 437 2272 verum
459 2231 510 2272 vos
532 2211 676 2273 videbitis.

69 2295 120 2357 sed
142 2295 368 2376 Amphitruonis
389 2297 437 2357 ille
461 2305 505 2358 est
526 2315 626 2358 servos
649 2296 741 2372 Sosia,

68 2398 85 2440 a
108 2387 197 2460 portu
219 2380 278 2442 illie
300 2386 383 2442 nunc
405 2399 473 2442 cum
495 2380 630 2442 lanterna
652 2381 777 2443 advenit.

69 2465 184 2546 abigam
206 2465 264 2526 iarn
286 2483 341 2545 ego
363 2465 455 2527 illunc
478 2466 682 2527 advenientem
704 2465 740 2526 ab
763 2464 893 2526 aedibus.
1098 2467 1142 2518 150

69 2549 183 2612 adeste:
207 2550 263 2611 erit
285 2568 393 2631 operae
415 2550 544 2631 pretium
567 2551 614 2611 hic
636 2549 838 2628 spectantibus

70 2635 169 2697 lovem
191 2640 221 2697 et
241 2635 421 2697 Mercurium
444 2637 540 2696 facere
562 2633 757 2696 histrioniam.

158 2820 205 2870 125
224 2819 288 2871 abiit
370 2821 418 2873 129
437 2818 545 2871 credite
565 2817 848 2883 mahumetana.)
932 2818 980 2869 132
999 2815 1080 2878 cuins]
1099 2828 1143 2893 cu-

88 2885 145 2938 iens
164 2886 197 2936 111
276 2889 325 2941 134
343 2892 431 2939 censet
449 2887 493 2939 illa
510 2888 699 2939 Fleckeisenua
773 2887 822 2938 135
841 2900 923 2937 nunc*
942 2885 966 2934 B
1042 2884 1089 2934 131
1108 2884 1143 2932 srt

69 2902 145 3006 lonis
158 2954 248 3020 codd„
265 2972 335 3010 corr.
354 2955 503 3006 Salmasius
607 2957 656 3008 139
674 2956 738 3021 quot
755 2953 841 3004 butu
939 2954 985 3004 141
1005 2950 1059 3003 fero
1076 2950 1142 3000 hanc

70 3021 258 3074 Fleckeisenus
334 3026 384 3077 143
403 3023 503 3074 habebo
521 3023 563 3075 hic
579 3038 662 3089 usque
680 3021 795 3088 Pyladea
869 3019 971 3088 pluuias
988 3019 1074 3070 nuru

72 3092 124 3143 144
141 3089 253 3143 torrulus
270 3092 345 3142 BDll
424 3094 471 3144 145
489 3091 554 3143 *suo
572 3091 598 3142 in
616 3092 716 3156 petaso]
741 3093 880 3157 suppetaso
960 3089 1008 3139 146
1026 3085 1143 3136 *illorum

73 3159 121 3210 148
138 3158 193 3210 illic
264 3162 312 3213 149
329 3157 423 3226 portud
436 3158 595 3210 llttsclteltus
662 3158 760 3209 laterna
779 3158 802 3208 B
870 3156 920 3208 huc
938 3154 1041 3207 advenit
1054 3152 1143 3205 Cama-

70 3229 162 3277 rarv'ua
232 3229 279 3280 150
298 3228 370 3279 illum
441 3230 487 3281 151
507 3227 561 3279 *sic
632 3228 680 3279 152
698 3225 758 3288 [hic]
776 3225 848 3276 histr.
866 3224 1034 3274 Hermarchus
